5859 8009
978 1675 1129 1767 inprimis
1153 1670 1313 1763 iriapauiui
1337 1662 1519 1735 dumea
1546 1676 1722 1737 remeunt.
1771 1664 1887 1760 Neque
1914 1666 2010 1734 urbes
2030 1663 2209 1735 monetales
2234 1670 2270 1733 iu

979 1810 1104 1885 numis,
1137 1824 1221 1897 quos
1247 1800 1321 1868 loos
1353 1798 1556 1895 patefaciunt
1580 1807 1814 1883 remotissima,
1839 1798 1983 1869 multum
2003 1806 2140 1884 uariant.
2189 1801 2271 1881 Qui-

977 1942 1043 2010 bus
1079 1935 1220 2018 secedit,
1253 1933 1347 2031 quod
1383 1941 1478 2029 eopia
1509 1936 1718 2031 singulorum
1750 1936 1973 2007 dirlremorum
1991 1959 2051 2031 per
2075 1959 2188 2006 omnes
2211 1936 2270 2005 has

978 2086 1077 2143 terras
1117 2068 1386 2166 septentrionales
1414 2044 1499 2163 pari
1534 2078 1660 2141 ratione
1685 2072 1828 2167 dispersa
1852 2070 2020 2150 rideatur3
2059 2083 2145 2142 serta
2181 2075 2271 2141 enim

977 2207 1087 2277 elassis
1113 2206 1180 2277 sere
1204 2231 1331 2305 semper
1356 2208 1537 2303 praevalet,
1563 2232 1632 2301 quo
1656 2206 1780 2274 laetum
1806 2219 1870 2287 est,
1895 2218 1935 2274 ut
1958 2209 2050 2275 numi
2075 2205 2143 2276 fere
2168 2206 2270 2276 iidem

976 2350 1012 2413 iu
1037 2343 1154 2413 ultima
1181 2344 1295 2413 Suesia
1320 2346 1414 2433 juxta
1440 2344 1566 2410 flumen
1590 2347 1862 2435 Angermauniae,
1890 2352 1992 2435 atque
2013 2347 2047 2408 in
2072 2342 2188 2408 Russia
2205 2346 2271 2408 ori·

975 2476 1075 2547 entali
1101 2501 1205 2574 prope
1240 2480 1356 2547 urbem
1392 2475 1506 2543 Casani
1532 2485 1656 2543 eterra
1688 2480 1758 2541 'sint
1793 2473 1955 2544 eolleeti.¹
2004 2478 2107 2547 Nobis
2136 2478 2203 2544 has·
2218 2499 2268 2544 res

976 2614 1166 2709 diligentius
1206 2611 1505 2692 considerantibus,
1541 2607 1638 2677 facile
1675 2607 1835 2702 liquebit,
1867 2631 1978 2676 causas
2009 2620 2118 2678 tantae
2144 2617 2268 2706 argenti

977 2746 1074 2815 molis
1102 2771 1142 2815 ex
1165 2750 1242 2814 Asia
1268 2747 1303 2813 in
1329 2747 1495 2838 Europam
1534 2741 1699 2811 borealem
1725 2740 1925 2810 invehendae
1949 2767 2008 2837 per
2033 2756 2177 2836 quatuor
2200 2750 2269 2839 pri·

976 2908 1030 2952 ma
1052 2880 1225 2951 lslamismi
1250 2878 1360 2949 secula
1383 2878 1512 2947 easdem
1534 2874 1625 2945 haud
1649 2881 1838 2943 immutatas
1859 2879 2084 2969 permansisse.

1075 3064 1125 3133 lle
1149 3087 1224 3133 vera
1242 3063 1405 3153 hujusrei
1428 3058 1641 3156 explicandae
1663 3062 1790 3127 ratione
1814 3056 1906 3124 douti
1929 3061 1992 3125 viri
2012 3056 2095 3125 olim
2112 3056 2269 3127 dubitat·
2375 3024 2378 3031 Ι

974 3190 1041 3295 que
1065 3204 1181 3269 incerti
1207 3199 1383 3267 haeserunt
1404 3209 1455 3279 et,
1473 3196 1558 3266 dam
1576 3200 1664 3264 varia
1676 3196 1847 3263 emaum
1862 3191 2066 3263 enodationis
2082 3216 2214 3287 genera,
2231 3200 2268 3263 iu

974 3330 1115 3401 diversas
1145 3332 1297 3401 abierunt
1321 3334 1502 3423 opiniones.
1552 3331 1766 3399 Monumenta
1791 3330 1961 3409 historiae,
1983 3330 2036 3399 his
2062 3330 2268 3423 temporibus

973 3488 1110 3547 coaeva,
1135 3464 1255 3535 frustra
1272 3465 1548 3551 oonsulebenturs
1571 3475 1632 3533 aut
1644 3458 1810 3544 tacebant,
1836 3473 1895 3531 aut
1922 3460 2044 3531 indieia
2063 3460 2186 3532 dabant
2199 3488 2268 3534 am-

973 3600 1090 3695 bigua,
1115 3624 1201 3693 quae
1226 3605 1262 3667 in
1286 3620 1389 3669 novoe
1415 3598 1574 3669 deserant
1597 3621 1731 3667 amores.
1783 3598 1875 3667 Nihil
1900 3599 2131 3693 profieiebant,
2151 3602 2267 3693 quiin

974 3737 1191 3827 eonjeeturas,
1218 3732 1297 3803 alias
1320 3732 1393 3803 aliis
1420 3735 1586 3814 vaniores,
1609 3730 1815 3813 delabentes,
1837 3756 1908 3801 rem
1921 3738 2079 3828 attingere
2103 3735 2266 3803 sonaban-

973 3881 1036 3939 tur.
1088 3872 1159 3941 lloo
1182 3869 1317 3941 tandem
1349 3881 1498 3965 tempore
1523 3893 1652 3949 omnes,
1672 3892 1772 3963 penes
1797 3892 1882 3961 quos
1908 3866 1951 3937 de
1973 3868 2036 3938 hae
2060 3875 2192 3939 materia
2210 3874 2268 3961 ju·

974 4004 1099 4075 dicium
1134 4011 1195 4087 sit,
1222 4010 1369 4077 unanimi
1406 4006 1618 4086 eonfitentur,
1641 4030 1682 4075 ex
1708 4008 1786 4097 ipsis
1823 4010 2045 4074 monumentis
2065 4018 2099 4073 et
2122 4031 2141 4074 e
2166 4006 2265 4087 loeis,

972 4140 1031 4209 ubi
1066 4144 1197 4209 inventa
1233 4144 1302 4207 sint
1337 4145 1549 4221 numismata,
1581 4162 1650 4209 rem
1686 4162 1756 4206 esse
1791 4136 2011 4232 repetendam.
2060 4139 2116 4208 Sio
2137 4107 2264 4236 ingenti

971 4272 1133 4339 rmum
1155 4269 1362 4365 aliorumque
1387 4272 1500 4341 labore
1522 4284 1556 4342 et
1580 4272 1690 4345 studio
1719 4274 1881 4344 indefesso
1913 4298 1953 4345 eo
1979 4277 2047 4365 jam
2070 4286 2264 4368 perventum

972 4417 1038 4489 est,
1064 4417 1103 4477 ut
1140 4410 1265 4477 nemini
1290 4412 1333 4477 sit
1369 4406 1528 4488 dubium,
1552 4416 1731 4501 quominus
1763 4412 1961 4479 commuuio
1986 4414 2072 4475 inter
2096 4410 2207 4475 Asiam
2231 4418 2266 4477 et

969 4542 1135 4636 Europam
1160 4542 1221 4611 laos
1246 4544 1414 4612 thesauros
1428 4550 1603 4614 maximam
1626 4555 1752 4639 partem
1769 4543 1966 4623 debeamus,
1992 4567 2101 4637 neque
2114 4542 2264 4613 viarrlte-

971 4680 1040 4755 rius
1068 4673 1182 4757 lateat,
1214 4699 1282 4769 qua
1323 4681 1358 4744 in
1393 4688 1520 4745 nostras
1553 4682 1744 4748 iutraverint
1769 4684 1923 4774 regiones.
1974 4678 2163 4747 Dolendnm
2188 4702 2264 4748 sane

971 4820 1036 4887 est,
1069 4807 1127 4875 has
1152 4811 1356 4903 antiquitatis
1383 4806 1539 4905 reliquias
1562 4813 1651 4903 justo
1674 4821 1776 4887 serius
1792 4815 1907 4886 doctos
1927 4821 2075 4885 movisse.
2125 4813 2196 4882 Tali
2211 4820 2263 4882 in·

971 4946 1061 5013 ouria
1084 4954 1118 5013 et
1144 4942 1233 5025 loea,
1259 4947 1383 5038 quibus
1401 4948 1666 5030 inveniebantur,
1692 4947 1755 5017 diu
1776 4952 1951 5020 manebant
1967 4948 2066 5043 plane
2078 4954 2263 5043 incognita,

971 5090 1020 5159 et,
1045 5077 1083 5146 id
1109 5079 1201 5173 quod
1232 5084 1361 5177 gravius
1389 5087 1487 5153 etiam
1512 5082 1596 5165 tuit,
1621 5084 1806 5157 multitudo
1832 5069 2057 5158 dirhemorum
2083 5084 2175 5153 haud
2199 5108 2263 5154 uu·

972 5326 1005 5394 l)
1041 5326 1078 5380 Ut
1095 5327 1243 5381 aiaailitado
1254 5330 1342 5401 najar
1359 5333 1439 5395 etiam
1451 5332 1605 5404 legentibus
1613 5343 1759 5406 appareat,
1772 5334 1916 5390 observent
1931 5335 2025 5404 velim,
2035 5336 2187 5409 frag-eata
2200 5336 2261 5388 iia·

1036 5410 1172 5465 bearorara
1186 5414 1285 5481 (aieeua
1302 5417 1468 5471 annulum
1485 5419 1651 5489 implentia),
1668 5438 1760 5475 uanae
1777 5422 1862 5476 {daea
1881 5428 1909 5475 et
1925 5422 2041 5475 aenda·
2067 5438 2161 5489 eaaoa,
2177 5438 2261 5473 orua-

1035 5502 1125 5551 neata
1143 5497 1252 5569 integra
1269 5500 1435 5575 saltuem,
1453 5503 1581 5577 naun,
1597 5504 1711 5563 basillae
1728 5524 1753 5562 e.
1773 5523 1795 5562 a.
1811 5526 1841 5581 p.
1858 5510 1916 5563 tere
1925 5506 2024 5578 abique
2039 5510 2118 5564 airaal
2134 5508 2262 5563 iareuiri.
