5859 8009
1040 1472 1133 1523 tm

991 1655 1194 1727 llalmstrdm
1217 1672 1348 1730 omnes,
1372 1655 1401 1719 ei
1428 1655 1581 1719 restituit.
1631 1653 1670 1721 ln
1696 1652 1783 1721 libro
1797 1675 1880 1722 suos
1900 1649 2133 1723 ,turatsmnta
2153 1650 2284 1725 Orien.

990 1803 1104 1880 tolia,
1128 1796 1171 1867 P.
1198 1790 1226 1861 I
1246 1809 1279 1863 et
1306 1792 1367 1873 ΙΙ,
1399 1789 1569 1892 Upscliue
1596 1792 1672 1865 5822
1712 1800 1868 1889 inscripto
1895 1795 2053 1890 plurimos
2075 1788 2215 1875 luorum,
2241 1809 2282 1864 ut

990 1942 1260 2015 Malrustrdm'eos
1273 1934 1505 2030 explicaverat,
1534 1937 1731 2011 nominavit,
1756 1937 1874 2026 partim
1889 1959 2026 2028 quoqne
2037 1936 2171 2005 uberim
2184 1940 2282 2003 inter·

989 2092 1134 2173 pretatus
1159 2091 1208 2147 est
1247 2078 1503 2169 liallenbergius.
1557 2080 1652 2142 tinno
1685 2070 1817 2139 tandem
1847 2072 1945 2140 1812
1979 2071 2060 2137 mihi
2087 2073 2180 2165 copia
2206 2071 2283 2143 data

987 2234 1036 2290 est
1060 2222 1161 2308 hujus
1184 2215 1387 2286 collectionis
1419 2216 1575 2304 antiquae
1600 2208 1710 2277 denuo
1737 2204 1990 2302 perlustrandae.
2041 2204 2186 2273 Aderant
2211 2228 2281 2271 om-

989 2378 1044 2421 nes
1071 2351 1186 2421 eudem
1212 2346 1336 2427 ordine,
1362 2370 1429 2439 quo
1459 2347 1651 2442 Halienberg
1676 2372 1731 2417 eos
1753 2361 1933 2444 receperat,
1965 2371 2134 2441 quemque
2156 2369 2215 2413 suo
2230 2351 2278 2412 in·

988 2488 1121 2557 volucro
1147 2488 1312 2553 chartaceo
1339 2484 1595 2564 circumdatum,
1620 2493 1673 2554 cni
1701 2487 1902 2556 llalmstrtim
1918 2483 2027 2553 locum
2042 2496 2141 2578 atque
2158 2511 2280 2554 annum

988 2620 1128 2689 cudendi
1157 2633 1190 2689 et
1216 2619 1369 2706 dynastae
1395 2646 1514 2689 nornen
1539 2629 1752 2718 inscripserat.
1805 2628 1945 2695 Maxima
1972 2651 2046 2720 pars
2068 2628 2151 2695 bene
2176 2626 2281 2720 cxpli-

989 2768 1058 2823 cata
1085 2755 1164 2833 tuin
1189 2753 1313 2821 multos
1333 2768 1440 2823 tamen
1464 2759 1599 2823 omnino
1622 2758 1745 2825 similes
1771 2771 1803 2825 et
1826 2758 1923 2826 salsos
1951 2758 2088 2827 -lere
2110 2760 2281 2848 150506-

989 2889 1078 2957 modi
1101 2896 1243 2984 separavi
1272 2931 1322 2946 -
1346 2916 1411 2960 non
1439 2894 1648 2974 distinxerat,
1674 2894 1755 2962 alios
1782 2895 1865 2962 male
1891 2896 2021 2989 legerat.
2061 2899 2173 2977 Quum
2202 2902 2281 2968 haec

988 3027 1138 3111 collectio
1164 3032 1257 3121 quasi
1283 3029 1419 3096 nucleus
1445 3032 1488 3096 sit
1524 3031 1626 3098 totius
1663 3033 1764 3095 musei
1791 3028 1903 3107 culici,
1934 3042 1967 3095 et
1990 3035 2114 3121 optime
2140 3027 2279 3106 indicet,

988 3168 1097 3259 qualia
1124 3180 1155 3234 et
1179 3180 1303 3260 quanta
1329 3170 1526 3235 incrementa
1551 3173 1662 3259 paucis
1690 3167 1789 3234 modo
1815 3174 1909 3235 annis
1935 3182 2045 3261 postea
2063 3171 2185 3261 ceperit
2199 3165 2279 3233 haec

989 3299 1156 3378 collectio,
1187 3324 1205 3366 e
1230 3323 1264 3366 re
1290 3300 1389 3367 habui
1414 3303 1486 3388 ejus
1512 3304 1652 3370 indicem
1680 3306 1734 3371 hic
1758 3305 1941 3401 legentibus
1967 3312 2087 3377 sistere.
2143 3310 2278 3401 Signum

988 3446 1000 3471 *
1026 3456 1080 3503 eos
1105 3447 1215 3521 notat,
1240 3460 1324 3528 quos
1348 3462 1419 3506 aere
1444 3438 1647 3507 llalmstrom
1675 3449 1848 3534 expressit:
1926 3536 1930 3543 Ι

1396 3614 1398 3619 .
1440 3571 1473 3643 Ι.
1530 3572 1816 3675 Umcjjadici.

1088 3704 1242 3797 Quinque
1267 3728 1403 3775 numero
1429 3724 1525 3790 aunt,
1553 3720 1621 3781 cusi
1651 3714 1825 3787 Damasci
1851 3739 1937 3785 anuo
1961 3719 2034 3797 79·,
2062 3730 2094 3786 et
2112 3718 2165 3788 W
2163 3721 2278 3787 ositos

988 3869 1015 3909 a.
1043 3843 1109 3921 95,
1136 3828 1344 3923 1116,122,
1375 3846 1474 3915 126.

1254 3986 1258 3998 ’
1397 3978 1492 4073 71.
1541 3978 1823 4054 Attasidtci.

1086 4111 1272 4204 Sexaginta,
1297 4118 1365 4180 cusi
1394 4118 1427 4177 in
1458 4110 1553 4183 Urbe
1576 4112 1716 4185 Salutis
1752 4142 1781 4184 a.
1809 4121 1910 4196 152,
1941 4120 2028 4197 155,
2054 4122 2155 4199 tut,
2186 4122 2276 4200 157,

988 4244 1077 4323 158,
1107 4245 1199 4324 188,
1228 4247 1317 4325 191,
1347 4248 1442 4327 1953
1470 4250 1567 4330 196,
1596 4252 1692 4331 199·,
1715 4254 1815 4334 219,
1842 4255 2052 4334 250·,257·,
2074 4254 2276 4335 505·,501,

985 4381 1077 4456 506,
1101 4381 1193 4459 507,
1217 4381 1309 4457 508,
1335 4384 1425 4463 515,
1452 4388 1541 4454 526
1568 4398 1601 4455 et
1627 4392 1725 4462 550.
1763 4430 1812 4447 -
1857 4389 2215 4463 El-Mrrbummedr'oe
2247 4418 2275 4459 a.

986 4508 1199 4589 118,185·,
1242 4512 1330 4590 188,
1371 4515 1453 4581 189.
1480 4554 1529 4571 -
1554 4516 1756 4592 ΕΙ-Βαεναε
1788 4550 1816 4592 a.
1850 4527 1942 4605 295,
1984 4526 2077 4605 526,
2115 4528 2200 4595 555.
2225 4566 2275 4579 --

986 4652 1175 4745 El-'Krcfne
1212 4659 1282 4720 sine
1318 4675 1415 4720 anno.
1459 4692 1506 4707 -
1549 4652 1701 4722 Ommcm
1742 4680 1770 4720 a.
1810 4656 1885 4721 520
1924 4652 2003 4747 (etr.
2029 4651 2131 4723 (latai.
2158 4651 2205 4720 Cl.
2228 4656 2274 4727 ll,

982 4793 1056 4858 198
1083 4805 1116 4858 et
1144 4791 1379 4869 lineamento,
1415 4787 1562 4857 Numm.
1589 4788 1696 4872 Oro,
1723 4794 1756 4871 i,
1784 4817 1855 4885 pag.
1885 4792 1984 4882 162).
2011 4828 2061 4843 -
2085 4792 2123 4856 tn
2150 4791 2274 4857 Wosit

980 4952 1008 4992 a.
1035 4926 1134 5004 287*,
1158 4927 1250 5004 292,
1276 4927 1367 5004 517,
1396 4922 1497 4996 5222
1525 4966 1574 4983 -
1601 4927 1792 5000 Samerrce
1819 4957 1845 4998 a.
1870 4934 1961 5009 255,
1994 4933 2093 5010 2903
2111 4933 2196 4998 520.
2224 4972 2269 4987 ·-

981 5074 1017 5139 ln
1037 5067 1294 5143 et-Alzwaz'a.
1326 5076 1423 5147 260*.
1451 5112 1500 5127 --
1517 5073 1557 5139 ln
1580 5070 1786 5139 ‹el-Marcu?
1810 5096 1837 5136 a.
1864 5072 1962 5137 291.
1985 5109 2034 5123 -
2058 5070 2096 5135 ln
2125 5062 2271 5135 Nisibin

979 5233 1007 5276 a.
1034 5211 1119 5277 508.
1143 5250 1190 5264 -
1218 5214 1256 5279 ln
1284 5214 1457 5282 Armenio
1484 5238 1513 5280 a.
1539 5213 1636 5287 252,
1664 5211 1762 5276 277·.
1779 5248 1825 5261 -
1841 5210 1878 5275 ln
1905 5208 2029 5277 Arrun
2053 5230 2081 5273 a.
2110 5204 2271 5269 155·.-
2378 5186 2383 5211 ’

979 5346 1015 5409 ln
1043 5338 1151 5434 Trflis
1176 5366 1204 5407 a.
1238 5345 1322 5411 291.
1361 5385 1405 5398 -
1441 5340 1645 5441 Arrcdjoni
1681 5366 1709 5408 a.
1735 5342 1819 5408 529.
1847 5379 1896 5396 -
1920 5343 1957 5408 ln
1987 5338 2094 5410 Fort's
2122 5362 2151 5405 a.
2177 5339 2267 5417 291,

978 5474 1062 5540 512.
1093 5510 1138 5525 -
1168 5474 1393 5575 ln'Zerendj
1417 5504 1444 5545 a.
1472 5480 1574 5557 196,
1613 5479 1712 5547 201·.
1743 5519 1792 5534 -
1815 5473 2026 5551 Nicoburue
2053 5503 2082 5544 a.
2110 5476 2194 5541 200.
2220 5516 2268 5530 -
2375 5524 2378 5528 .
