5859 8009
953 1324 969 1463 i

970 1476 984 1531 ,¹
1050 1469 1179 1519 cxxxiv

1440 1849 1608 1925 Ratio
1640 1853 1865 1953 operte,

1099 2102 1207 2181 Quem
1232 2110 1265 2169 in
1291 2104 1355 2170 boc
1378 2102 1462 2172 libro
1491 2102 1679 2171 adornando
1718 2113 1847 2168 secutus
1882 2124 1953 2167 sum
1994 2104 2158 2186 ordinem,
2200 2108 2285 2176 idem
2331 2164 2334 2169 .

995 2249 1061 2315 est,
1084 2262 1182 2331 quem
1209 2239 1379 2305 Fumantes
1403 2238 1475 2317 ille,
1501 2246 1647 2309 summus
1673 2243 1787 2309 barum
1818 2264 1928 2309 rerum
1956 2243 2091 2321 arbiter,
2118 2248 2151 2309 in
2175 2267 2285 2312 recen·

994 2375 1084 2438 sione
1111 2396 1170 2438 sua
1197 2374 1300 2441 Musei
1326 2380 1446 2441 asiatici
1472 2375 1702 2468 petrapolitani
1727 2376 1912 2468 adoptavit,
1933 2389 1966 2443 et
1990 2377 2204 2469 quonullum
2219 2402 2285 2446 rne-

994 2506 1107 2573 liorem
1136 2511 1279 2575 invenire
1304 2516 1409 2601 potui.
1462 2512 1558 2579 Deest
1592 2509 1731 2605 quidem
1765 2510 1842 2576 huie
1868 2532 2003 2601 quoque
2026 2509 2173 2603 catalogo
2194 2533 2283 2578 com·
2379 2592 2385 2599 .

993 2646 1186 2722 nientarius,
1209 2668 1277 2737 quo
1303 2656 1336 2709 ct
1358 2646 1474 2719 utilius
1499 2645 1590 2712 fieret
1615 2643 1680 2712 tale
1705 2605 1796 2732 opus
1812 2654 1844 2707 et
1877 2640 2009 2707 fortasse
2037 2640 2190 2708 lectorem
2219 2668 2285 2708 ma·

994 2782 1041 2867 gis
1065 2775 1220 2847 alliceret.
1271 2784 1313 2845 At
1339 2785 1396 2872 qui
1422 2754 1504 2845 bene
1529 2782 1671 2857 noverit,
1695 2783 1808 2869 quanti
1838 2779 1980 2843 ambitus
1992 2781 2175 2869 quantique
2193 2778 2283 2844 labo-

920 2975 924 2987 ,
992 2916 1035 2975 ris
1059 2922 1091 2976 et
1115 2909 1215 2976 studii
1238 2916 1280 2976 sii
1304 2908 1463 2997 ejusmodi
1503 2907 1661 3000 prolixior
1697 2908 1889 3000 explicatio,
1927 2918 1953 2977 is
1977 2934 2043 2977 non
2069 2936 2161 3003 aegre
2183 2910 2280 2989 seret,

992 3044 1104 3124 credo,
1132 3071 1183 3113 me
1222 3052 1365 3139 primum
1403 3058 1613 3112 monumenta
1651 3051 1719 3137 ipsa
1757 3022 1866 3137 qualia
1893 3058 1969 3111 sunt
1996 3045 2163 3139 evulgasse
2188 3060 2221 3114 ct
2247 3054 2281 3113 in

991 3182 1082 3248 aliud
1120 3195 1252 3275 tempus
1289 3206 1401 3248 eorum
1439 3180 1604 3247 distulisse
1632 3179 1893 3247 illustrationem.
1945 3180 2017 3246 Non
2046 3188 2154 3248 omnia
2182 3187 2278 3248 etiam

990 3342 1077 3385 nunc
1111 3318 1229 3383 adsunt
1265 3314 1475 3395 documenta,
1517 3317 1637 3408 quibus
1672 3315 1712 3381 ad
1737 3315 1835 3381 talem
1862 3323 2167 3383 commentationem
2194 3332 2280 3384 recte

882 3519 887 3529 s
989 3450 1168 3519 faciendam
1196 3476 1279 3547 opus
1304 3458 1372 3519 erit.
1426 3450 1550 3518 Multae
1575 3446 1682 3517 adbuc
1719 3463 1839 3530 restant
1861 3456 1937 3515 varii
1966 3455 2089 3541 generis
2114 3455 2278 3540 quaestio-

988 3612 1061 3665 nes,
1090 3588 1154 3653 buc
1193 3593 1406 3679 pertinentes,
1446 3585 1637 3665 solvendae,
1676 3599 1850 3678 antequam
1886 3592 1920 3652 in
1946 3587 2008 3653 boc
2034 3569 2148 3676 campo
2176 3583 2278 3652 libere

933 3714 944 3725 ⁴
991 3736 1124 3817 vagetur
1150 3728 1322 3815 interpres,
1350 3739 1381 3791 et
1410 3736 1535 3790 tantum
1565 3726 1669 3802 abest,
1695 3735 1733 3787 ut
1757 3722 1890 3787 historia
1915 3726 2025 3797 Asiae,
2052 3720 2218 3811 quaesoln
2244 3723 2277 3787 in

988 3860 1047 3925 bac
1072 3883 1105 3925 re
1130 3883 1189 3925 nos
1216 3860 1355 3927 fideliter
1382 3832 1500 3925 ducere
1526 3863 1643 3949 possit,
1677 3882 1715 3922 ex
1741 3860 1892 3923 omnibus
1924 3858 2070 3948 partibus
2100 3859 2194 3924 nobis
2220 3884 2277 3951 pa-

986 4007 1067 4071 teat,
1094 4008 1130 4060 ut
1156 3993 1244 4059 haud
1275 3984 1392 4085 pa'ucis'
1408 3994 1533 4061 laboret
1569 4000 1664 4060 vitiis.
1719 3995 1823 4072 Quem
1853 3993 2053 4059 admodum
2081 3999 2114 4060 in
2140 3995 2277 4088 reliquis

987 4126 1126 4194 Orientis
1158 4126 1288 4202 litteris,
1329 4134 1373 4193 sic
1399 4128 1452 4192 lite
1478 4151 1612 4220 quoque
1641 4152 1729 4193 nuno
1757 4137 1911 4221 temporis
1942 4148 2095 4224 praestat,
2120 4137 2275 4230 reliquias

942 4326 945 4335 ,
985 4268 1286 4357 antiquitatisque
1329 4289 1500 4365 possumus
1538 4264 1705 4356 diligentia
1735 4264 1887 4358 colligere
1913 4281 1944 4333 et
1970 4269 2122 4338 collectas
2148 4273 2273 4364 publici

981 4402 1064 4487 juris
1091 4399 1210 4475 facere,
1251 4424 1350 4489 quam
1384 4376 1596 4491 bpinionibus
1632 4411 1664 4463 et
1702 4399 1835 4486 judiciis
1872 4400 1985 4471 alienis
2011 4433 2077 4475 rem
2104 4410 2272 4475 obscuram

983 4538 1203 4601 obscuriorem
1232 4539 1327 4600 etiam
1354 4532 1498 4599 reddere.

1083 4738 1124 4803 Ut
1149 4737 1316 4827 ipsa-libri
1344 4745 1508 4831 inscriptio
1534 4740 1671 4817 indicat,
1697 4740 1754 4806 hic
1779 4742 1944 4834 catalogus
1970 4746 2052 4811 nihil
2080 4747 2269 4838 complecti-

982 4876 1050 4939 tur,
1076 4868 1134 4928 nisi
1164 4870 1196 4928 iri
1227 4866 1338 4931 Suesia
1363 4866 1727 4934 idiueritinventum.
1780 4871 1891 4948 Quum
1921 4893 1995 4936 vero
2025 4876 2057 4935 in
2085 4874 2269 4963 numopby-

982 4997 1064 5064 lacio
1084 4998 1168 5063 idem
1195 5006 1365 5065 armarium
1389 5024 1501 5067 omnes
1529 5007 1691 5067 contineat
1712 5026 1829 5067 numos
1848 5000 2034 5078 orientales,
2060 5026 2269 5093 nequecom·

982 5132 1116 5198 modum
1140 5140 1245 5199 visum
1273 5133 1369 5202 suerit
1402 5098 1455 5203 ebs
1488 5164 1506 5201 a
1532 5119 1644 5202 ceteris
1681 5162 1845 5227 separare,
1886 5141 1945 5229 qui
1971 5164 2008 5204 ex
2034 5145 2149 5205 exteris
2176 5148 2267 5207 terris

979 5274 1043 5335 sint
1070 5268 1167 5345 illati,
1198 5296 1239 5336 ne
1266 5287 1458 5363 conspectus
1488 5278 1634 5338 omnium
1662 5274 1830 5335 universus
1864 5275 1961 5335 nimis
1989 5272 2191 5348 turbaretur;
2220 5280 2269 5338 in·
2346 5330 2351 5344 ,

934 5448 936 5451 .
978 5400 1106 5469 terdum
1134 5402 1255 5468 laetum
1285 5418 1349 5482 est,
1377 5420 1414 5471 ut
1447 5412 1542 5471 series
1568 5429 1743 5471 numerum
1769 5404 1946 5498 aliquando
1974 5420 2180 5498 rumperetur
2205 5431 2265 5473 nu·

978 5542 1133 5603 mismatis
1158 5541 1327 5607 extraneis.
1380 5539 1480 5627 Cujus
1501 5542 1716 5633 rei‘exempla
1739 5542 1836 5628 babes
1855 5547 1888 5607 in
1901 5566 1993 5635 pagg.
2023 5543 2084 5621 ld,
2112 5544 2177 5621 22,
2206 5544 2265 5620 24,
