5859 8009
1044 1474 1150 1525 cxxv!

1097 1657 1143 1723 Ex
1169 1654 1268 1721 altera
1295 1665 1386 1746 parte
1407 1652 1470 1721 ulia
1496 1676 1630 1746 qaoque
1655 1656 1705 1719 ria
1730 1658 1854 1743 patuit,
1879 1676 1945 1744 qna
1964 1653 1998 1720 hi
2023 1659 2114 1721 nurui
2141 1678 2180 1721 ex
2208 1658 2282 1721 Asia

993 1806 1026 1865 in
1062 1799 1225 1889 Europam
1269 1795 1534 1887 commigrabant.
1586 1796 1646 1862 Per
1671 1800 1818 1887 regiones
1843 1800 2014 1865 Armeniae
2051 1810 2084 1864 et
2123 1796 2283 1865 sosarm-

993 1930 1107 2017 djanae
1132 1942 1300 1996 montanas
1324 1926 1365 1995 nd
1381 1929 1523 1994 Pontum
1541 1951 1577 1993 ea
1602 1926 1698 1995 duxit
1728 1930 1913 2007 Euxinum,
1940 1934 1974 1995 in
1999 1931 2096 2018 cujus
2116 1928 2284 2002 littoribut'

991 2066 1179 2137 borealibus
1205 2066 1342 2131 llhazari
1370 2063 1517 2155 aliaeque
1542 2077 1652 2155 gentes
1677 2064 1741 2130 hou
1763 2051 1842 2132 aero
1867 2064 2044 2159 degebant,
2068 2068 2127 2159 qui
2153 2067 2282 2135 easdem

991 2200 1044 2265 hic
1069 2197 1207 2291 agebant
1231 2210 1353 2289 partes,
1388 2219 1425 2263 ac
1454 2196 1607 2290 bulghari
1634 2203 1668 2262 in
1694 2202 1789 2265 maris
1814 2205 1933 2294 caspici
1962 2206 2092 2269 vicinia.
2143 2203 2212 2269 llcc
2235 2216 2282 2269 te-

992 2360 1065 2415 men
1093 2342 1153 2405 iter
1178 2359 1244 2404 non
1271 2337 1382 2403 eadem
1406 2336 1568 2431 gaudebat
1590 2335 1788 2429 frequentia,
1811 2358 1876 2428 qua
1898 2337 2010 2402 floruit
2034 2334 2283 2402 hhorasanieum

992 2488 1024 2541 et
1047 2478 1317 2543 transoxanicum.
1370 2476 1591 2544 Nihilominus
1635 2473 1732 2543 haud¹
1756 2496 1875 2567 parum
1905 2480 2026 2567 argenti
2052 2479 2149 2541 etiam
2175 2478 2281 2540 sicin

991 2617 1139 2681 Russiam
1168 2612 1316 2689 advenit,
1349 2624 1382 2679 et
1417 2610 1537 2678 deinde
1572 2635 1631 2703 per
1668 2611 1785 2678 fluvios
1823 2608 2003 2696 adjacentes
2030 2611 2065 2674 io
2090 2632 2160 2676 oras
2187 2615 2282 2675 maris

991 2747 1126 2814 balthici
1164 2753 1235 2815 ivit.
1283 2746 1403 2815 lndea
1438 2754 1514 2815 mari
1554 2751 1678 2840 persico
1711 2747 1890 2815 secundum
1916 2750 2053 2816 flumina
2079 2742 2280 2840 Euphratem

991 2900 1023 2953 et
1050 2888 1212 2981 Tigridem
1241 2893 1273 2953 in
1307 2902 1434 2956 montes
1472 2889 1637 2956 dirhemos
1673 2912 1844 2981 possumus
1869 2896 1992 2957 sectari.
2045 2894 2088 2956 m
2113 2893 2147 2953 ni
2173 2890 2282 2953 omnia

992 3012 1112 3083 saliunt
1134 3018 1212 3083 haec
1240 3025 1290 3083 via
1316 3016 1415 3084 alteri
1451 3014 1516 3083 suit
1553 3023 1736 3111 antiquior,
1771 3041 1878 3111 quum
1909 3019 2155 3087 Samanidarum
2177 3029 2281 3085 aetate

989 3154 1056 3223 sere
1082 3180 1178 3225 omne
1203 3160 1433 3224 commercium
1460 3182 1519 3249 per
1543 3180 1656 3223 eorum
1680 3153 1837 3222 ditionem
1862 3165 2071 3221 exerceretur.

1091 3446 1140 3511 Ne
1168 3469 1244 3513 vero
1276 3452 1386 3512 omnia
1422 3459 1620 3513 mercaturae
1644 3442 1705 3510 soli
1729 3454 1762 3510 et
1789 3448 1875 3535 pacis
1902 3447 2040 3535 negotiis
2066 3443 2205 3520 tribuas,
2228 3466 2279 3507 ca·

990 3605 1073 3647 vens.
1123 3583 1205 3650 Fieri
1232 3608 1308 3652 sane
1334 3590 1460 3678 potuit,
1496 3595 1534 3650 ut
1561 3580 1685 3649 multos
1711 3579 1893 3656 thesauros,
1930 3582 1962 3643 in
1987 3589 2096 3642 nostra
2123 3588 2204 3642 terra
2230 3598 2278 3642 re·

988 3735 1116 3815 pertos,
1145 3723 1406 3817 expeditionibus
1439 3723 1567 3791 bellicis
1601 3733 1634 3789 et
1664 3725 1824 3786 victorum
1852 3716 1965 3809 spoliis
1991 3740 2067 3783 vere
2093 3716 2277 3784 debeamus.

989 3850 1032 3917 Ut
1057 3851 1120 3917 alia
1147 3853 1244 3941 hujus
1270 3859 1316 3923 rei
1340 3856 1460 3923 indicia
1492 3871 1624 3944 taceam,
1649 3856 1730 3922 haec
1755 3854 1901 3922 attulisse
1925 3856 2069 3923 sufficiat.
2122 3856 2279 3923 Chronica

987 3986 1132 4052 Arabum
1158 3991 1263 4080 gentis
1290 4014 1385 4083 saepe
1410 3990 1538 4057 faciunt
1567 3994 1764 4054 mentionem
1788 3985 1922 4064 ferocis,
1949 3989 2045 4075 cujus
2071 3991 2104 4051 in
2131 3986 2211 4054 fines
2235 3990 2279 4053 ls-

988 4118 1127 4185 lamismi
1160 4124 1358 4189 incursiones
1397 4122 1515 4190 vividis
1552 4128 1733 4216 pinguntur
1770 4118 1947 4188 coloribus.
1999 4120 2043 4186 Ea
2069 4116 2148 4187 Rus
2174 4124 2278 4185 nomi-

987 4272 1062 4324 nata
1089 4262 1135 4325 sic
1160 4266 1349 4327 memoriam
1376 4267 1426 4329 sui
1466 4265 1645 4355 posteritati
1674 4258 1810 4326 tradidit
1834 4272 2012 4327 cruentam.
2065 4260 2132 4339 Qui
2159 4266 2279 4353 princi-

985 4417 1065 4485 pum
1092 4394 1345 4463 Norrmanornm
1370 4422 1396 4463 s.
1422 4398 1654 4489 Waraegorum
1679 4407 1785 4487 partes
1818 4399 1851 4459 io
1884 4396 1999 4461 Russia
2026 4417 2084 4487 per
2108 4394 2187 4461 haec
2213 4394 2280 4461 lere

986 4524 1110 4604 secula,
1136 4524 1322 4621 dequibus
1348 4529 1401 4593 htc
1425 4533 1547 4621 agitur,
1580 4540 1726 4621 peractas
1751 4530 1954 4618 cognoverit,
1980 4522 2076 4591 sacile
2092 4524 2278 4602 concludet,

985 4664 1044 4730 hos
1070 4665 1228 4760 populos,
1254 4674 1312 4761 qui
1340 4669 1498 4760 originem
1525 4691 1542 4731 a
1569 4664 1782 4733 scandinavia
1808 4663 1988 4741 ducebant,
2023 4666 2057 4729 in
2079 4687 2197 4732 noram
2221 4691 2277 4758 pa-

984 4800 1078 4863 triam
1103 4822 1206 4865 mores
1232 4813 1265 4866 et
1288 4795 1541 4867 <consuetudines
1567 4797 1758 4865 domesticas
1783 4821 1895 4867 secum
1919 4799 2080 4878 attulisse,
2110 4813 2142 4869 et
2169 4806 2277 4868 Asiam

984 4933 1127 5021 opimam
1154 4932 1323 5025 praedatus
1351 4935 1503 5026 praedam
1525 4937 1615 5004 haud
1635 4961 1707 5006 raro
1734 4939 1869 5009 domum
1893 4956 2081 5036 reportasse.
2118 4943 2169 5013 td
2194 4946 2279 5014 hanc

916 5054 925 5077 ⁹
985 5074 1175 5137 sententiam
1196 5069 1387 5138 firmandam
1415 5095 1481 5139 non
1505 5096 1620 5167 parurn
1645 5074 1738 5154 facit,
1764 5075 1856 5169 quod
1878 5082 1969 5143 numi
1998 5076 2170 5147 orientales
2182 5080 2279 5172 plane

982 5206 1070 5299 apud
1097 5231 1156 5275 nos
1182 5209 1338 5278 desinunt
1360 5213 1402 5280 ab
1431 5236 1469 5281 ec
1490 5211 1743 5305 indetempore,
1769 5236 1838 5306 quo
1852 5214 1985 5291 bussio,
2009 5209 2135 5279 ultimis
2148 5218 2278 5309 regibus

982 5350 1214 5443 Waraegorum
1237 5354 1488 5444 imperantibus,
1515 5358 1548 5419 in
1573 5357 1674 5420 varias
1699 5350 1824 5445 dilapsu
1852 5355 2013 5429 civitates,
2037 5351 2146 5418 turbis
2172 5348 2277 5416 civili-

980 5482 1040 5548 bus
1066 5480 1216 5551 funditus
1239 5497 1476 5555 concuteretur.
1529 5488 1662 5582 Ubique
1699 5499 1778 5558 tunc
1799 5495 1919 5559 iacens
1946 5500 1979 5558 et
2004 5486 2106 5557 dubia
2144 5485 2278 5557 suerunt
