5859 8009
1834 1461 1902 1508 ΙΝΙΙ

660 1665 751 1760 nient.
805 1657 969 1726 Numerus
993 1679 1068 1722 vero
1096 1677 1269 1722 nnmerum
1295 1654 1496 1720 diversorum
1515 1654 1582 1740 jam
1610 1648 1682 1716 580
1707 1659 1833 1740 nequet.
1868 1610 1954 1714 Cum
1988 1650 1994 1664 '

662 1800 708 1866 bie
734 1797 806 1874 salai
836 1801 1022 1891 saepissime
1047 1799 1227 1865 obveniunt
1255 1793 1412 1873 dirhemi,
1438 1791 1481 1860 ed
1507 1790 1704 1859 diversarum
1732 1784 1952 1872 dynastirrum

662 1930 793 2007 termae,
822 1929 1017 2023 plerumque
1042 1945 1110 1998 arte
1135 1929 1267 1998 rudiore
1292 1929 1402 2006 efficti,
1429 1951 1570 2021 quorum
1602 1932 1673 1999 m
1700 1935 1874 2023 epeeimine
1898 1951 1953 1992 ee·

661 2072 703 2132 rie
726 2064 881 2158 ‹rolligere
911 2066 1014 2158 potui.
1066 2065 1207 2132 Maxima
1233 2085 1307 2156 pare
1333 2070 1486 2157 imagines
1518 2087 1699 2133 numerum
1724 2071 1828 2158 gentis
1852 2085 1955 2128 arma·

661 2193 787 2260 nidieae
812 2217 946 2286 praese
974 2190 1100 2268 ferunt,
1130 2191 1164 2258 id
1194 2193 1286 2284 quod
1318 2198 1394 2260 aetia
1426 2216 1590 2288 superque
1621 2197 1699 2263 mibi
1735 2197 1955 2263 demonstrare

662 2331 888 2407 videremus
915 2355 932 2396 e
962 2329 1094 2423 populis
1119 2331 1280 2406 barbarie,
1302 2337 1358 2423 qui
1387 2332 1634 2399 Semeniderum
1658 2336 1833 2425 provinciia
1857 2336 1954 2399 vieini

663 2463 870 2540 habitabant,
904 2487 972 2532 esse
1002 2461 1184 2533 fabricatos.
1211 2504 1259 2518 -·-
1287 2469 1327 2532 Χ.
1353 2469 1390 2535 ln
1419 2470 1619 2548 liberasum,
1647 2486 1726 2538 terra
1751 2476 1894 2563 inquiete
1923 2480 1956 2533 et

662 2617 787 2688 semper
812 2595 981 2676 seditiosa,
1014 2600 1129 2666 endem
1167 2613 1313 2693 tempere
1350 2625 1418 2692 qne
1450 2626 1499 2668 rea
1537 2602 1780 2669 Semanidarum
1815 2622 1957 2668 ereeeere

663 2743 860 2821 coeperunt,
893 2730 947 2798 alii
975 2757 1111 2826 qnoque
1150 2732 1304 2819 dynastae
1340 2745 1440 2825 eaput
1465 2729 1670 2807 extulerunt,
1695 2743 1746 2808 et,
1770 2727 1958 2797 obedientia

663 2866 804 2936 dominia
828 2875 1028 2948 renuntiate,
1055 2875 1088 2938 in
1117 2876 1245 2963 rignum
1271 2875 1439 2962 potestatis
1466 2868 1581 2962 plenae
1606 2892 1741 2946 numm,
1764 2889 1825 2936 suo
1851 2877 1958 2934 nomi-

665 3031 703 3078 ne
730 3011 916 3102 insignitor,
948 3010 1126 3104 signandos
1152 3011 1313 3078 feeernnt.
1364 3011 1483 3076 lnsunt
1508 3006 1642 3074 fortasse
1669 2978 1763 3099 plere
1788 3004 1886 3091 hujus
1911 3006 1957 3068 rei

666 3163 874 3218 monumenta
900 3156 933 3216 in
959 3148 1119 3217 ,dirhemie
1146 3147 1348 3242 quibusdem
1372 3145 1533 3213 secundae
1560 3144 1669 3212 elassis
1695 3144 1815 3210 dubiis.
1866 3142 1960 3208 Certe

667 3291 846 3358 rau-nrm
879 3290 1014 3384 quidam
1050 3265 1228 3380 etpoeteri
1256 3290 1328 3375 ejus
1355 3289 1489 3376 vestigia
1520 3282 1751 3350 dominationis
1783 3281 1958 3345 certiaeime

666 3416 868 3510 reliquerunt
894 3421 928 3483 in
957 3419 1004 3485 14
1028 3423 1153 3495 nuruis,
1186 3440 1286 3510 quos.
1318 3441 1346 3481 a.
1370 3415 1572 3484 264-278
1596 3413 1826 3508 (877-892)
1851 3409 1958 3506 Ende-

665 3552 893 3628 rametenses,
921 3574 987 3620 non
1019 3550 1167 3618 dubitavi
1199 3557 1231 3618 in
1258 3549 1393 3618 eirenem
1418 3556 1584 3642 propriam
1611 3548 1739 3618 referre.
1791 3550 1956 3627 crassitie,

666 3689 758 3760 solite
784 3687 919 3774 majore,
950 3697 1035 3778 quae
1060 3681 1224 3750 diversum
1251 3683 1393 3754 cudendi
1425 3687 1559 3756 modum
1588 3697 1658 3757 eine
1687 3690 1790 3756 dnbio
1817 3689 1957 3766 indicat,

666 3842 698 3898 et
722 3828 906 3896 litterarum
932 3807 1116 3895 ductibus,¹
1145 3817 1340 3910 plerumque
1367 3817 1611 3925 gracilioribus,¹
1648 3816 1828 3908 areliquie
1864 3812 1959 3888 facile

667 3971 911 4061 dignoscuntur.
950 4000 995 4012 -
1022 3961 1079 4026 xi.
1110 3961 1293 4039 Bunnnanr,
1320 3985 1397 4056 gens
1423 3961 1463 4027 ad
1491 3965 1612 4030 flumen
1642 3961 1694 4028 itii
1720 3959 1869 4055 (Woiga)
1904 3959 1959 4024 he·

667 4102 788 4174 bitena,
816 4119 962 4188 magnam
990 4101 1056 4161 vim
1089 4101 1121 4161 in
1158 4106 1390 4167 commercium
1418 4106 1501 4168 inter
1526 4102 1692 4170 Orientem
1725 4116 1757 4168 et
1788 4115 1886 4168 terres
1911 4125 1959 4168 se·

669 4227 899 4327 ptentrionalee
933 4228 1125 4294 babuerunt.
1176 4230 1227 4295 nd
1262 4230 1474 4300 islemismnm
1502 4234 1646 4328 denique
1676 4243 1839 4314 conversi,
1873 4239 1960 4329 prin·

669 4378 755 4468 ripes
785 4375 834 4436 sui
859 4368 941 4454 juris
973 4365 1128 4430 videntur
1150 4365 1320 4444 babuisse,
1347 4372 1406 4459 qui
1439 4370 1619 4449 dirhmns,
1648 4375 1687 4440 ad
1716 4373 1959 4441 Semaniderum

671 4521 830 4576 monetam
865 4506 1000 4582 effictos,
1033 4501 1244 4572 fabricarunt.
1295 4507 1367 4574 Tria
1398 4509 1515 4574 horum
1545 4510 1757 4602 exemplaria,
1783 4531 1868 4600 quae
1893 4505 1961 4573 duo

671 4645 786 4712 diversi
813 4638 915 4734 reguli
939 4662 1052 4706 eorum
1089 4637 1197 4706 medio
1218 4637 1332 4706 seculo
1359 4640 1484 4730 hidjrae
1510 4656 1628 4735 quarto
1652 4642 1830 4720 cuderunt,
1856 4665 1961 4733 neque

672 4772 711 4840 ad
736 4794 796 4838 noe
822 4781 1048 4864 pervenerunt.
1077 4803 1122 4818 -
1145 4767 1218 4832 xli.
1252 4767 1417 4848 Sannum,
1444 4777 1504 4864 qui
1540 4772 1763 4862 Adherbidjan
1794 4786 1828 4839 et
1857 4785 1963 4864 partes

673 4912 841 4976 Armeniae
866 4909 969 4972 varias
992 4903 1109 4974 seculis
1135 4905 1232 4970 tertio
1255 4914 1290 4971 et
1315 4915 1432 4998 quarto
1451 4904 1684 4997 possederunt,
1710 4927 1779 4970 rere
1804 4926 1880 4969 suee
1907 4899 1964 4988 dy·

673 5054 792 5114 nestiee
828 5055 1039 5112 monumenta
1066 5047 1099 5107 in
1126 5043 1234 5106 numia
1260 5038 1350 5132 apud
1385 5063 1443 5106 noe
1476 5042 1581 5108 obviis
1619 5039 1832 5133 reliquerunt.
1884 5037 1965 5102 Nam

673 5190 785 5252 tertius
811 5181 901 5251 aeine
924 5185 1028 5275 gentis
1052 5180 1150 5267 hujus
1176 5183 1343 5270 princepe,
1370 5173 1494 5278 Jusuf
1521 5174 1770 5249 ben-Diwdnd
1792 5170 1966 5245 ben-Abi-

673 5315 794 5416 l-Sadj
835 5324 867 5384 in
903 5315 1033 5386 duobus
1076 5314 1230 5382 dirhemie
1267 5309 1400 5380 diversis
1439 5319 1598 5406 apparuit.
1625 5351 1675 5366 -
1706 5313 1794 5378 ΧΙΙΙ.
1837 5313 1969 5379 Rariore

1786 5448 1814 5515 Η
