5859 8009
1811 1490 1895 1565 exin

645 1680 804 1771 insignes,
842 1674 982 1745 alterurn
1019 1680 1089 1749 sine
1125 1694 1227 1753 anno,
1270 1670 1408 1741 alterum
1434 1692 1521 1739 anno
1547 1671 1623 1739 599
1649 1670 1755 1767 (989)
1789 1668 1945 1739 aluaufo

647 1810 887 1917 beu-Wadjilr,¹
919 1810 1054 1900 dynasta
1092 1810 1249 1880 seditioso
1286 1822 1319 1879 et
1343 1808 1478 1879 sortasse
1501 1814 1551 1875 sni
1575 1809 1676 1897 juris,
1711 1828 1847 1893 omnm,
1883 1813 1943 1900 qui

650 1950 841 2017 antonne
858 1946 971 2015 dnbio
992 1970 1012 2015 e
1036 1961 1165 2015 moneta
1194 1947 1286 2014 urbia
1309 1938 1445 2025 Subur,
1469 1966 1555 2037 quae
1581 1957 1653 2011 tum
1681 1948 1787 2011 totins
1807 1947 1947 2035 regionis

650 2081 715 2149 suit
747 2082 1005 2159 florentissima,
1033 2081 1236 2175 prodierunt.
1287 2081 1414 2148 Tertius
1451 2078 1560 2157 adest,
1596 2103 1624 2146 a.
1652 2078 1725 2146 too
1747 2080 1889 2172 (totto)
1912 2085 1946 2145 in

650 2216 794 2283 lemama
815 2237 990 2309 procusos,
1016 2220 1049 2282 in
1065 2218 1171 2304 ‚cujus
1194 2227 1287 2308 parte
1304 2238 1428 2283 reversa
1453 2236 1572 2286 nomeu
1590 2214 1681 2283 urbis
1695 2210 1835 2307 Hadjer
1853 2219 1946 2294 inest,
1971 2218 1976 2227 '

649 2354 706 2421 ubi
734 2366 824 2421 nerto
850 2352 1029 2437 fabricatus
1054 2360 1113 2418 est.

748 2634 868 2711 Srntt,
909 2634 1053 2701 Arabum
1091 2625 1301 2713 eI-Scltam,
1339 2630 1479 2697 Arabiae
1499 2635 1639 2718 'vicium
1677 2638 1781 2727 prima
1810 2656 1945 2725 quoque

650 2766 831 2831 victoribus
848 2762 1059 2859 ¹mosleruitis
1090 2760 1282 2839 succubuit,
1320 2776 1353 2832 et
1381 2762 1568 2854 Umajjadae
1592 2765 1702 2835 sedern
1730 2772 1874 2859 imperii,
1902 2766 1948 2834 el-

652 2895 782 2966 bledioa
807 2896 988 2985 bedjazensi
1012 2895 1142 2975 relicta,
1172 2899 1205 2962 in
1227 2900 1341 2964 urbem
1361 2903 1620 2990 antiquissimam
1643 2922 1681 2965 ac
1705 2900 1948 2968 celeberrimam

654 3026 851 3127 Dimescltq
891 3030 1114 3121 (Damascum)
1137 3030 1401 3101 transtulerunt.
1466 3032 1590 3124 Viginti
1625 3034 1681 3101 bio
1712 3056 1806 3101 cusos
1829 3056 1948 3099 numos

653 3166 826 3244 babemus,
851 3171 927 3259 qui,
956 3166 1086 3235 duobus
1112 3168 1213 3235 modo
1239 3173 1400 3262 exceptis,
1437 3167 1480 3233 ad
1504 3166 1637 3236 classem
1665 3168 1949 3238 llrhscbididarum

653 3304 909 3393 pertinentibus,
952 3329 970 3369 a
998 3304 1137 3373 Kbalifis
1162 3316 1246 3373 sunt·
1264 3310 1402 3398 signati,
1441 3309 1679 3374 vetustissimus
1705 3329 1733 3374 a.
1759 3307 1808 3373 79
1832 3304 1947 3389 (699),

652 3446 799 3528 ternpore
835 3449 943 3504 autem
969 3437 1121 3525 ,ultimus
1146 3464 1174 3505 a.
1201 3441 1277 3507 535
1303 3440 1448 3523 (limi).
1501 3434 1817 3507 Heron-ebllesolrid
1853 3438 1950 3527 oppi-

653 3570 735 3637 dum
760 3594 862 3664 prope
886 3571 1019 3640 Ciliciae
1040 3571 1120 3640 fines
1146 3583 1179 3641 et
1203 3596 1270 3639 non
1299 3573 1453 3667 procula
1476 3575 1623 3643 Metasoh
1646 3570 1797 3641 condidit
1816 3586 1850 3640 et
1870 3594 1948 3639 con-

655 3702 760 3772 ditum
787 3731 847 3774 ruo
872 3712 1006 3775 nomine
1031 3674 1307 3804 etlrlarumjam
1331 3704 1526 3800 appellavit,
1551 3708 1645 3796 cujus
1663 3717 1864 3775 momentum
1887 3728 1951 3771 nu·

657 3864 727 3907 mus
754 3865 782 3907 a.
798 3842 882 3907 ·t⁷o
909 3838 1049 3935 (7997)
1074 3840 1120 3906 ibi
1148 3842 1291 3933 signatus
1314 3844 1391 3908 satis
1418 3839 1629 3913 demonstrat.

759 4130 997 4197 Mesororatnu
1023 4128 1145 4204 vicina,
1169 4146 1270 4215 quam
1296 4127 1417 4194 Arabes
1443 4124 1686 4224 eI-Djeziram
1712 4126 1734 4191 i.
1758 4148 1787 4191 e.
1810 4126 1951 4216 penin-

654 4260 785 4329 sulam
813 4258 998 4354 appellant‚
1024 4256 1075 4324 his
1098 4253 1217 4323 seculis
1242 4258 1381 4325 maxime
1402 4258 1522 4326 floruit.
1575 4258 1627 4326 td
1652 4270 1826 4353 utramque
1843 4259 1951 4324 flumi-

654 4420 735 4465 num
776 4396 949 4489 Euphratis
987 4406 1019 4461 et
1055 4388 1194 4486 Tigridis
1228 4394 1333 4485 ripam
1369 4394 1467 4460 urbes
1497 4395 1646 4481 jacebant
1670 4392 1951 4499 opulentissimae,

654 4546 685 4600 et
712 4556 771 4624 per
796 4552 908 4597 omncs
933 4533 1000 4595 rias
1029 4540 1246 4596 mercatorum
1278 4538 1423 4595 catervae
1449 4522 1597 4619 undique
1626 4537 1660 4592 et
1683 4525 1772 4592 ultro
1803 4484 1952 4617 oilrngue

656 4670 883 4735 commeabant
922 4670 1106 4731 continuae.
1159 4668 1188 4731 Δ
1231 4663 1321 4750 Syria
1347 4662 1555 4730 venientibus
1593 4662 1689 4730 nobis
1727 4664 1831 4754 prima
1855 4661 1951 4735 urbs,

658 4826 759 4896 quae,
785 4813 884 4893 caput
910 4803 1049 4893 regionis
1075 4796 1329 4881 beni-hlodhar,
1353 4804 1387 4866 in
1411 4805 1463 4866 via
1490 4793 1702 4894 Bagbdadum
1727 4794 1868 4863 ducente
1887 4807 1951 4870 est,

657 4934 841 5034 el-Ruqqa
864 4959 933 5004 sese
959 4935 1063 5003 offert
1115 4934 1198 5003 Cum
1224 4932 1287 5001 alia
1313 4958 1379 5003 non
1406 4912 1541 5001 minoris
1573 4934 1729 5012 ambitus,
1768 4924 1952 5023 el-Rofiqu

655 5072 838 5149 nominata,
877 5073 1069 5160 conjuncta,
1113 5066 1155 5137 ad
1187 5068 1390 5163 Euphratem
1417 5072 1479 5135 sita
1505 5078 1580 5155 cst.¹
1613 5065 1663 5133 Ex
1699 5062 1861 5156 el·llaqqa
1884 5059 1953 5127 duo

657 5205 755 5274 modo
789 5209 885 5274 nobis
924 5218 1099 5299 supersunt
1134 5200 1274 5274 dirbemi
1313 5199 1495 5269 abbasidioi
1533 5224 1561 5267 a.
1589 5198 1662 5265 179
1689 5192 1795 5294 (795)
1817 5206 1851 5263 et
1878 5193 1952 5259 199

657 5302 879 5436 (trasna
905 5340 1066 5434 ar-usoqs
1089 5351 1199 5409 autem
1226 5339 1275 5407 aa
1296 5346 1425 5406 exstant
1440 5360 1470 5405 a.
1487 5324 1952 5421 roo-osorraa-oorp

657 5498 798 5570 quorum
825 5474 892 5545 duo
917 5474 1146 5556 llamdauidis,
1169 5470 1289 5577 reliqui
1315 5466 1492 5540 Abbasidis
1517 5468 1677 5563 originem
1703 5460 1833 5539 debent.
1868 5465 1953 5540 Arx,
