5859 8009
1800 1474 1905 1528 um

668 1655 790 1726 llornm
812 1653 954 1724 indicem
981 1660 1065 1748 regia
1089 1655 1146 1724 iila
1168 1654 1332 1725 academia
1349 1601 1465 1722 servet.
1491 1655 1547 1722 liis
1563 1661 1672 1746 postes
1689 1661 1893 1720 seomrunt
1907 1650 1956 1718 18

667 1791 760 1868 aovi.
787 1811 873 1882 quoa
894 1812 981 1861 sano
1011 1791 1108 1860 1771
1136 1791 1285 1864 nauus
1307 1794 1519 1860 sumturus
1537 1799 1605 1858 erat
1618 1792 1855 1880 interpretatus.
1882 1784 1955 1854 alt·

667 1945 803 2016 quoquo
828 1922 920 1994 adest
948 1924 1020 1994 135
1054 1922 1277 1996 dirbemorum
1313 1929 1456 1999 recensio
1490 1928 1631 2016 optima,
1670 1925 1754 1990 circe
1779 1918 1868 1990 idem
1891 1917 1958 1986 lere

666 2070 795 2150 tempus
820 2058 862 2128 ab
888 2063 1085 2128 Aurtvtturo
1107 2057 1224 2129 eudem
1249 2054 1414 2136 conlecta,
1446 2060 1570 2150 quibus
1599 2055 1695 2126 inulti
1722 2061 1847 2126 inerant
1868 2059 1957 2124 simi-

665 2191 721 2264 les.
772 2192 859 2264 Talis
880 2207 949 2266 erat
970 2193 1175 2264 collectionis
1199 2196 1320 2265 aulicae
1347 2207 1514 2287 aspectus,
1553 2217 1661 2287 quum
1698 2216 1768 2262 eam
1793 2189 1957 2262 academia

666 2332 833 2421 reciperet.
882 2335 928 2400 At
948 2333 1016 2420 jam
1040 2353 1126 2400 enno
1151 2331 1267 2412 1787,
1302 2351 1370 2425 qno
1396 2330 1432 2398 P.
1457 2331 1681 2408 ursmare,
1717 2328 1750 2394 h.
1779 2338 1803 2395 t.
1832 2326 1956 2394 Biblio-

666 2461 826 2534 themrius
852 2467 961 2558 regius
974 2478 1008 2536 et
1020 2465 1200 2558 professor,
1229 2476 1361 2534 auctore
1376 2463 1481 2534 libero
1496 2466 1617 2532 barone
1629 2464 1668 2532 G.
1683 2465 1721 2536 G.
1741 2471 1957 2542 dumam,

665 2619 840 2668 numerum
862 2596 1045 2668 cuficorum
1071 2598 1322 2693 descriptionem
1349 2623 1461 2694 parare
1484 2606 1656 2694 inciperet,
1681 2601 1764 2670 adeo
1787 2613 1882 2670 aucta
1908 2613 1957 2668 est

629 2827 632 2833 ν
666 2729 834 2810 collectio,
860 2743 898 2799 ut
924 2733 998 2799 783
1012 2731 1177 2802 dirhemos
1190 2744 1224 2800 et
1237 2735 1262 2801 1
1276 2732 1406 2804 dinatus
1423 2745 1578 2829 (quorum
1592 2749 1700 2804 tamen
1718 2748 1781 2804 tres
1796 2741 1829 2802 in
1843 2735 1957 2804 Sueoia

666 2884 730 2930 nou
751 2869 870 2958 reperti
897 2863 991 2956 suot)
1029 2865 1333 2961 comprehenderet,
1370 2874 1456 2938 inter
1481 2892 1566 2964 quos
1594 2871 1669 2938 258
1692 2869 1814 2938 similes
1841 2867 1957 2936 natm-

665 3009 765 3068 strdm
791 3003 925 3068 invenit.
978 3000 1096 3070 Sumtu
1122 3001 1305 3072 academiae
1342 3003 1462 3071 horum
1487 3007 1634 3072 omnium
1660 3007 1878 3072 recensionem
1903 2999 1960 3067 ille

667 3133 867 3214 elaborarit,
891 3136 986 3224 eujus
1009 3161 1050 3206 na
1062 3139 1233 3232 vestigium
1247 3135 1382 3231 quidem
1392 3139 1459 3226 jam
1474 3151 1631 3232 superest.
1657 3141 1762 3212 Simul
1777 3143 1826 3211 81
1840 3164 1957 3212 numos

666 3270 729 3335 seri
754 3265 946 3337 incidendos
980 3277 1123 3349 curarit,
1152 3293 1295 3365 quorum
1334 3274 1507 3368 imagines,
1533 3279 1567 3342 in
1598 3286 1724 3370 septem
1753 3274 1841 3344 loliis
1863 3275 1957 3370 prelo

666 3423 830 3495 expresses
853 3406 888 3469 in
908 3401 1092 3472 academias
1115 3404 1367 3478 collectionibus
1390 3408 1600 3505 perlustrari.
1642 3411 1827 3480 Delinestae
1844 3410 1958 3481 riden-

633 3581 637 3589 ·
666 3555 719 3610 tur
744 3566 813 3612 non
839 3543 882 3612 ad
908 3550 997 3640 ipsos
1021 3569 1156 3627 numos,
1177 3546 1234 3616 sed
1251 3548 1466 3642 adpictum,
1492 3547 1534 3614 ab
1552 3551 1726 3640 interprete
1740 3553 1811 3643 ipso
1826 3547 1960 3617 sortasse

666 3692 808 3770 perstas,
832 3705 933 3776 qnare
958 3682 1081 3754 factum
1108 3701 1174 3762 est,
1200 3697 1240 3752 ut
1264 3687 1575 3780 saepiusareritate
1589 3706 1655 3753 non
1670 3707 1786 3777 parum
1797 3681 1959 3752 recedant.

665 3816 807 3885 Tabulae
831 3809 949 3883 aeneae
974 3816 1032 3882 ubi
1056 3820 1139 3895 sint,
1165 3841 1217 3888 mc
1243 3815 1332 3885 latet.
1384 3821 1480 3885 Anno
1509 3819 1607 3886 1786
1630 3818 1815 3892 decreverat
1846 3818 1960 3887 acade-

665 3956 747 4032 mie,
772 3968 812 4022 ut
838 3953 1014 4048 descriptio
1053 3953 1328 4025 malmstrdmiana
1356 3978 1420 4022 una
1446 3977 1523 4024 cum
1550 3953 1661 4049 figuris
1684 3933 1864 4023 ederetur.¹
1903 3956 1959 4022 Ni-

666 4089 849 4158 hilominus
884 4115 971 4162 anuo
1014 4096 1110 4164 1798
1148 4103 1298 4190 queritur
1322 4097 1527 4166 Mslmstrnm
1554 4102 1588 4164 in
1615 4095 1734 4166 litteris
1761 4093 1802 4163 ad
1819 4094 1960 4162 Freden-

665 4234 769 4312 heim,
792 4233 1027 4302 cancellarium
1053 4234 1165 4314 sulae,
1187 4230 1309 4316 ιΙιιῑίε,π
1332 4235 1585 4330 descriptionem
1607 4261 1718 4316 suam,
1742 4237 1807 4326 jam
1830 4233 1958 4329 pridem

666 4376 758 4471 prelo
787 4386 947 4470 paratam,
972 4376 1110 4465 pecunia
1136 4369 1316 4448 deficiente,
1341 4371 1491 4440 nondum
1517 4372 1639 4440 editam
1664 4397 1742 4442 esse.
1774 4376 1822 4442 lta
1849 4379 1960 4466 incep-

667 4523 739 4579 tum
768 4513 904 4578 cesavit
928 4504 1104 4575 laudabile.
1154 4505 1269 4595 Neque
1295 4507 1385 4598 prius
1411 4501 1540 4595 aliquid
1562 4500 1605 4569 de
1628 4502 1689 4568 hao
1712 4505 1960 4592 reaccepimus,

668 4671 767 4742 «psam
789 4667 875 4713 anno
902 4644 1018 4720 1805,
1060 4663 1130 4734 quo
1168 4641 1272 4710 Jonas
1297 4643 1535 4718 nemmem,
1575 4644 1667 4734 regni
1701 4640 1902 4730 antiquarius
1928 4648 1962 4704 et

667 4779 892 4876 numophylsx
923 4783 1148 4856 renuntiatus,
1178 4777 1473 4870 nnmophylacium
1505 4777 1631 4870 regium
1659 4799 1678 4840 a
1703 4778 1797 4842 ruina
1822 4775 1961 4840 serravit

669 4911 887 4997 imminente³‚
913 4927 947 4984 et
972 4915 1250 4994 numerauimus,
1276 4937 1363 5007 quos
1390 4911 1480 4982 domi
1515 4913 1624 4982 adhuc
1645 4935 1757 4980 secum
1785 4917 1963 4980 retinuerat

672 5106 703 5179 l]
739 5111 805 5164 vit.
829 5111 932 5248 Rsaql3
948 5111 1090 5165 Vitterletr
1107 5111 1226 5165 lusorie
1243 5111 1290 5165 erl
1306 5113 1470 5186 Antiquitas
1489 5110 1666 5164 Acade-ieras
1683 5107 1873 5182 flndla'aqsn
1899 5105 1964 5160 vot.

733 5197 767 5259 1,
787 5213 850 5268 μς.
873 5195 911 5250 17
935 5233 943 5249 .

669 5317 704 5382 1)
736 5318 771 5372 la
788 5319 943 5374 academias
960 5319 1175 5374 correano-ihc

670 5436 703 5498 d)
737 5435 798 5489 cta.
828 5435 890 5489 der.
909 5435 1099 5499 neuma,
1127 5435 1277 5490 tenuem
1302 5451 1343 5486 οι
1368 5434 1465 5509 tangi.
1493 5432 1613 5486 semim
1638 5431 1865 5501 mochum!
1901 5425 1961 5478 Sti.

735 5523 822 5586 lm,
844 5522 920 5590 drte,
938 5537 966 5591 qs,
985 5517 1049 5574 m
1067 5529 1119 5575 eea
