5859 8009
1789 1478 1907 1528 cmv

667 1648 711 1745 29
736 1660 798 1715 cet.
838 1647 904 1715 .0h
923 1646 1059 1716 eandem
1084 1671 1227 1718 caussam
1252 1652 1366 1720 classes
1399 1656 1611 1724 xx-xxtl
1634 1659 1776 1727 hicnon
1801 1667 1964 1741 invenies,

663 1797 775 1876 utpote
800 1807 903 1878 quae,
929 1796 1003 1853 ute
1029 1783 1146 1851 notula
1172 1791 1308 1879 paginae
1333 1787 1499 1855 LXXVlll
1525 1791 1670 1878 subjecta
1696 1805 1846 1886 apparet,
1874 1794 1954 1862 tales

661 1919 828 1988 includant
854 1943 990 1998 numos,
1018 1919 1132 2013 quales
1158 1920 1246 2012 apud
1275 1945 1334 1989 nos
1359 1948 1424 1993 non
1451 1929 1668 2015 reperiuntur.

756 2142 880 2208 Nomos
914 2116 1188 2234 peblcwioos,
1229 2171 1369 2238 quorum
1398 2155 1562 2244 propriam
1590 2153 1650 2219 seci
1677 2152 1826 2232 classem,
1855 2162 1949 2221 initio

658 2275 752 2366 plane
776 2275 1010 2369 relinquendos
1034 2281 1151 2358 habui,
1193 2306 1298 2374 quum
1321 2299 1353 2352 et
1380 2294 1414 2354 in
1443 2286 1540 2354 aliam
1568 2295 1765 2380 pertinerent
1792 2291 1949 2359 ditionem
2014 2319 2016 2324 ·

566 2457 569 2460 -
658 2422 689 2476 et
712 2411 857 2476 subsidia
882 2437 951 2480 mea
992 2414 1033 2481 ad
1074 2440 1128 2482 eos
1171 2418 1382 2512 explicandos
1422 2444 1536 2511 parum
1567 2419 1722 2490 valerent.
1774 2425 1823 2490 Ex
1851 2425 1949 2492 altera

657 2557 763 2610 autem
789 2557 896 2637 parte,
926 2553 952 2613 si
981 2550 1118 2640 quidem
1149 2554 1314 2649 catalogus
1344 2579 1454 2621 omnes
1482 2561 1615 2622 omnino
1648 2572 1827 2624 recenseret
1853 2581 1948 2650 opor·

655 2691 715 2750 tuit
739 2710 856 2752 numos
882 2687 1069 2764 orientales,
1108 2697 1165 2780 qui
1201 2694 1235 2754 iu
1276 2705 1359 2758 terra
1385 2715 1521 2757 sueeana
1551 2704 1656 2757 esseut
1688 2698 1828 2771 inventi,
1856 2693 1947 2760 locus
1983 2745 1986 2756 .

656 2826 691 2887 iis
714 2828 848 2889 omnino
874 2823 998 2890 alienus
1025 2826 1161 2893 hicnon
1190 2823 1270 2904 suit,
1296 2832 1357 2892 nisi
1385 2854 1403 2891 a
1431 2833 1560 2904 ceteris,
1587 2832 1785 2921 quibuscum
1803 2839 1945 2896 undnon

652 2963 711 3022 rari
737 2958 933 3038 obveniunt,
971 2977 1075 3028 essent
1107 2964 1287 3055 separandi.
1342 2962 1454 3026 Paucis
1475 2935 1591 3054 xigitur
1616 2964 1722 3029 verbis
1745 2986 1799 3028 eos
1818 2967 1944 3039 notavi,

653 3117 781 3183 sperans
810 3091 879 3160 sore
903 3108 941 3160 ut
966 3100 1012 3162 sic
1038 3098 1122 3163 hauc
1147 3106 1311 3167 materiem
1340 3096 1501 3164 doctiores
1524 3097 1564 3162 ad
1588 3121 1642 3165 eos
1665 3105 1808 3164 animum
1833 3098 1944 3168 adver-

658 3239 756 3294 terent
783 3228 1033 3322 diligentiorem.

661 3507 666 3522 ,
747 3459 955 3548 Quamquam
982 3469 1110 3521 sunrmo
1136 3454 1245 3522 studio
1264 3454 1441 3535 elaboravi,
1469 3473 1506 3525 ut
1523 3466 1555 3523 in
1571 3458 1704 3524 classem
1719 3483 1810 3524 suam
1826 3483 1939 3550 quem·
2022 3445 2024 3448 Ι

650 3618 711 3685 que
734 3618 872 3658 numum
900 3604 985 3657 reete
1011 3592 1219 3668 collocarem,
1244 3615 1311 3657 nou
1328 3593 1446 3659 dubito
1462 3599 1546 3685 quin
1567 3592 1744 3685 aliquando
1760 3599 1941 3662 erraverim.

650 3731 718 3796 lam
743 3755 839 3822 supra
867 3729 935 3795 dixi
962 3734 1065 3802 viem,
1093 3752 1177 3818 quae
1203 3728 1257 3792 lric
1285 3729 1494 3820 ingredienda
1524 3740 1588 3805 est,
1616 3752 1722 3819 neque
1751 3733 1782 3792 in
1801 3726 1941 3792 secunda

649 3865 762 3942 classe,
790 3889 874 3956 quae
899 3864 1137 3930 Abbasidarum
1164 3875 1227 3939 est,
1266 3887 1371 3956 neque
1400 3872 1432 3930 in
1462 3877 1567 3942 sexta,
1606 3861 1766 3928 Tabiridis
1793 3869 1939 3954 propria,

648 4003 770 4092 ubique
810 4012 928 4065 certam
968 4025 1035 4067 esse
1072 4013 1105 4064 et
1145 4000 1391 4090 complanatam.
1445 4001 1488 4066 Ut
1513 4005 1544 4064 in
1572 4000 1716 4063 Fanum
1739 4003 1939 4076 recensione,

646 4140 689 4200 sic
714 4141 810 4200 etiam
835 4141 868 4199 in
897 4151 984 4212 inea,
1009 4141 1093 4200 inter
1126 4159 1245 4200 numos
1284 4132 1431 4201 Hnrrrrri
1457 4127 1696 4210 el-Ilr’sclridr',
1724 4129 1845 4196 multos
1872 4146 1938 4197 tam

645 4270 836 4350 el-Amini,
864 4295 962 4360 quam
986 4247 1203 4337 el-ss'llrrrrrttrri
1225 4270 1388 4335 dirlremos
1404 4267 1641 4358 deprehendes,
1667 4273 1742 4357 quia
1757 4266 1943 4333 consultius·

645 4402 720 4468 duxi
748 4405 802 4470 hic
825 4428 985 4469 annorum
1010 4404 1157 4468 ordinem
1183 4427 1323 4477 servare,
1350 4427 1449 4494 quarn
1476 4418 1512 4469 ut
1534 4404 1695 4493 cujusque
1714 4403 1829 4467 horum
1848 4408 1935 4492 prin·

610 4589 617 4604 .
643 4547 752 4632 cipum
779 4543 989 4615 numismata,
1016 4537 1107 4604 nulla
1134 4538 1249 4604 idone'a
1270 4563 1378 4605 caussa
1403 4539 1538 4616 ductus,
1569 4546 1600 4603 in
1624 4564 1725 4604 unum
1746 4539 1932 4606 conferrem.

642 4675 807 4742 Interdum
834 4675 933 4741 dubia
960 4700 1029 4739 mea
1053 4677 1192 4738 breviter
1208 4672 1365 4749 indicari3
1385 4673 1471 4758 ,alias
1487 4688 1611 4750 autem,
1635 4674 1781 4763 ambages
1799 4673 1932 4765 fugiens,

642 4835 675 4875 ea
699 4817 827 4878 reticui.
882 4817 985 4901 Aequi
1023 4810 1138 4873 barum
1173 4834 1280 4875 rerum
1316 4815 1532 4875 aestimatores
1567 4808 1660 4874 lavile
1687 4811 1932 4896 dijudicabunt,

626 4942 748 5012 'utrum
781 4952 958 5038 ignorantia
986 4951 1038 5014 bio
1066 4955 1108 5014 sit
1134 4962 1321 5039 peceatum,
1348 4970 1388 5008 an
1419 4943 1618 5008 ineluctabili
1649 4952 1795 5011 cesserim
1825 4970 1931 5012 neces·

640 5085 733 5150 sitati.
788 5083 916 5148 Decima
940 5083 1064 5160 classis,
1090 5108 1188 5174 quam
1217 5082 1362 5148 nondum
1390 5079 1477 5170 apud
1497 5081 1576 5144 alios
1595 5086 1834 5148 numismatiees
1853 5090 1930 5148 scri·

641 5229 746 5306 ptores
769 5217 899 5284 allatam
921 5221 1008 5298 ¹vidi,
1034 5247 1050 5284 a
1078 5246 1129 5286 me
1153 5217 1263 5283 addita
1288 5227 1350 5291 est,
1389 5221 1539 5302 quamvis
1567 5219 1747 5280 testimonia
1778 5217 1928 5282 historica

639 5351 764 5423 dehac
799 5354 960 5441 dynastia,
999 5353 1278 5448 quemadmodum
1312 5348 1353 5414 de
1378 5352 1494 5417 multis
1519 5351 1589 5416 aliis
1615 5358 1747 5416 minoris
1772 5358 1925 5417 momenti

636 5489 887 5583 etdurationis,
913 5491 979 5560 sere
1007 5491 1087 5558 nibil
1114 5497 1191 5558 certi
1219 5487 1404 5568 attulerint,
1440 5487 1477 5571 id
1502 5487 1610 5580 quod,
1635 5513 1737 5582 quum
1763 5493 1796 5553 in
1816 5493 1924 5564 numis
