5859 8009
1027 1484 1103 1562 242
1436 1494 1494 1567 Cu
1522 1495 1579 1569 IX
1607 1456 1800 1571 Santrunre.¹

1576 1702 1660 1769 579.

1076 1789 1267 1893 Inscriptio
1293 1796 1494 1895 marginalis
1522 1812 1669 1899 utraque
1696 1814 1815 1873 utrum
1839 1797 1976 1903 aliquid
2011 1804 2188 1903 significet
2216 1832 2260 1879 an

977 1905 1270 1995 solalitterarum
1295 1913 1446 1987 imitatio
1471 1919 1533 1999 sit,
1559 1916 1709 1989 definire
1738 1945 1809 1991 non
1835 1921 1959 1993 ausim.
1986 1920 2043 1994 Sic
2067 1921 2139 1998 sere
2166 1927 2259 1997 iute-

933 2004 936 2023 ’
977 2026 1051 2099 rior
1075 2026 1260 2131 sehabet:
1280 2033 1451 2132 ,tum
1477 2034 1739 2107 mnata
1759 2046 1832 2140 ,Ξ
1855 2037 1897 2105 ω
1923 2071 1989 2138 μ,

1078 2148 1138 2217 Ar.
1161 2143 1197 2215 1:
1298 2146 1462 2218 luti
1511 2150 1596 2224 Non
1618 2168 1673 2226 est
1701 2156 1802 2227 Deus
1830 2161 1904 2226 uisi

1248 2280 1363 2333 urs-o
1386 2265 1460 2335 ⁵..tr
1514 2268 1624 2343 artat
1652 2277 1803 2354 unicus,
1966 2360 1970 2371 ί

1097 2452 1101 2465 ,
1247 2384 1460 2487 r-firnl
1512 2392 1574 2460 cui
1597 2412 1669 2459 non
1695 2404 1750 2459 est
1776 2396 1905 2461 socius.

1083 2494 1144 2567 Ar.
1169 2492 1204 2567 11
1229 2522 1265 2597 p.
1292 2526 1325 2598 p.
1351 2508 1451 2574 utin
1479 2500 1523 2573 Ν.
1550 2502 1640 2577 578:

1259 2617 1304 2684 ull
1327 2620 1469 2719 ,finit
1518 2619 1901 2723 el·Muqtedir-billulr.

1276 2735 1360 2837 obp
1385 2735 1471 2840 ,pit
1522 2738 1669 2813 smnus
1691 2742 1869 2812 Barmut

1079 2845 1219 2949 Duplex
1244 2849 1416 2936 circulus,
1439 2855 1497 2925 cui
1523 2870 1674 2957 quatuor
1697 2886 1716 2922 ο
1740 2857 1881 2938 insunt,
1907 2880 2022 2929 aream
2047 2858 2168 2933 ambit.

1075 3016 1166 3089 Cum
1198 3021 1316 3092 uumis
1353 3019 1622 3113 Saurauidarum
1663 3026 1869 3124 saepissime,
1913 3050 1993 3099 cum
2030 3025 2110 3100 aliis
2144 3044 2261 3105 autern

977 3130 1144 3208 classibus
1168 3136 1297 3220 rarius,
1324 3140 1429 3213 mixti
1455 3139 1674 3215 effodiuntur
1695 3142 1734 3213 iu
1750 3146 1855 3217 variis
1879 3168 2037 3217 suecauae
2064 3159 2165 3221 terrae
2180 3176 2262 3248 par-

979 3248 1073 3323 tibus
1100 3254 1201 3325 numi
1226 3253 1321 3341 salsi,
1346 3256 1390 3330 ad
1421 3258 1560 3331 diverso
1581 3258 1803 3331 diversarum
1827 3260 2074 3361 dynastiarum
2100 3266 2260 3367 exempla

887 3348 893 3365 .
978 3366 1103 3453 efficti,
1128 3371 1190 3471 qui
1215 3396 1234 3444 a
1259 3372 1422 3471 gentibus
1436 3374 1611 3458 barbaris,
1637 3374 1799 3447 noudum
1827 3391 1866 3449 ut
1881 3378 2024 3451 videtur
2050 3378 2095 3451 ad
2111 3380 2262 3455 islamis-

977 3508 1078 3557 mum
1101 3492 1294 3575 conversis,
1328 3493 1449 3564 Asiam
1477 3506 1575 3565 trans
1605 3516 1700 3565 mare
1724 3495 1901 3592 caspicum
1932 3508 1970 3567 et
1995 3491 2123 3569 fluvios
2154 3500 2260 3573 inid

978 3625 1018 3673 se
1040 3620 1270 3683 exonerantes
1292 3608 1592 3695 inhabitantibus,
1615 3610 1692 3683 sine
1709 3609 1820 3683 dubio
1835 3609 2016 3695 fabricati,
2031 3626 2070 3683 ut
2087 3638 2261 3687 commer-

981 3719 1054 3805 cio,
1080 3723 1177 3823 quod
1201 3726 1295 3799 inter
1327 3751 1383 3800 eos
1408 3741 1444 3799 et
1471 3729 1606 3801 vicinos
1637 3726 1784 3827 populos
1816 3726 2076 3813 intercedebat,
2110 3732 2261 3805 inservi-

978 3850 1077 3921 rent,
1101 3839 1189 3915 dum
1215 3868 1345 3917 merces
1373 3847 1521 3945 pecunia
1552 3844 1810 3917 muhamedana
1834 3858 1936 3917 erant
1967 3842 2156 3921 solvendae.
2206 3850 2259 3921 Ita

978 3956 1016 4028 in
1043 3956 1201 4033 [insulam
1233 3966 1412 4047 convecti,
1445 3967 1519 4065 ejus
1547 3962 1644 4035 modi
1676 3963 1776 4034 numi
1803 3963 1843 4035 in
1875 3986 1951 4035 oras
1979 3964 2086 4035 maris
2111 3962 2259 4039 baltbici

978 4074 1124 4148 tandem
1152 4060 1383 4153 devenerunt.
1410 4079 1702 4180 Frequentissimi
1727 4079 1765 4151 in
1794 4081 1924 4153 nostris
1955 4078 2086 4152 finibus
2118 4082 2261 4153 iuveni-

976 4196 1086 4265 uutur'
1111 4206 1277 4297 tantaque
1302 4210 1353 4269 est
1378 4220 1500 4269 eorum
1526 4199 1690 4280 varietas,
1717 4210 1757 4269 ut
1779 4222 1928 4270 numero
1950 4195 2112 4268 CXXIV
2137 4196 2260 4269 diver-

976 4332 1031 4381 sos
1058 4308 1223 4411 colligere
1253 4317 1443 4413 potuerim.
1494 4316 1645 4388 Maxima
1679 4336 1759 4413 pars
1788 4315 1938 4413 speciem
1965 4327 2116 4385 monetae
2146 4338 2259 4386 sama-

976 4425 1106 4498 nidicae
1131 4428 1298 4504 referunt.
1325 4436 1373 4504 At
1400 4430 1504 4504 multi
1530 4434 1636 4503 etiam
1654 4454 1781 4503 numos
1805 4426 2063 4503 Abbasidarum
2093 4455 2156 4503 nec
2184 4456 2257 4503 non

977 4542 1229 4619 Tahiridarum
1252 4549 1448 4622 imitantur.
1502 4547 1573 4623 Alii
1600 4572 1707 4621 unam
1728 4545 1835 4621 modo
1861 4546 1983 4619 taciem
1996 4570 2114 4618 cusam
2139 4560 2257 4618 osten-

976 4658 1087 4746 dunt,
1112 4660 1171 4736 alii
1201 4677 1386 4767 utramque
1410 4666 1576 4767 quidem,
1600 4664 1661 4737 scd
1688 4691 1707 4736 e
1734 4666 1884 4737 monetis
1901 4660 2177 4762 longediversis.
2214 4662 2256 4733 ln

975 4780 1094 4875 paucis
1119 4777 1254 4853 litteras
1280 4783 1348 4854 rite
1372 4796 1528 4857 exaratas
1552 4782 1729 4863 invenies,
1765 4806 1876 4880 quum
1901 4781 1939 4851 in
1963 4803 2090 4877 genere
2112 4778 2258 4851 artifici-

977 4890 1042 4966 bus
1065 4893 1185 4996 lingua
1210 4897 1345 4973 arabica
1368 4902 1486 4999 ignota
1512 4900 1619 4972 fuisse
1644 4898 1816 4970 videatur.
1842 4896 1937 4970 ilinc
1963 4897 2186 4981 factumest,
2217 4909 2257 4967 ut

974 5012 1223 5113 inscriptiones
1247 5042 1338 5101 non,
1365 5019 1435 5090 nisi
1459 5016 1581 5091 addita
1607 5039 1798 5089 numorum
1822 5012 2077 5095 delineatione,
2103 5015 2257 5114 exprimi

973 5145 1136 5225 possunt,
1163 5146 1284 5236 utpote
1309 5159 1388 5235 ‘1¹¹ae
1413 5134 1540 5207 ductus
1568 5132 1718 5205 offerant
1743 5130 1941 5203 litterarum
1968 5130 2159 5228 saepissime
2187 5134 2257 5203 mi·

974 5271 1053 5321 rum
1080 5252 1119 5322 in
1146 5253 1291 5325 mudum
1326 5263 1550 5328 monstrosos.
1578 5252 1624 5323 At
1650 5274 1764 5350 neque
1795 5251 1845 5319 ita
1868 5248 2057 5347 descripti,
2083 5247 2257 5321 intuenti-

973 5362 1039 5436 bus
1063 5368 1234 5467 originem
1267 5366 1441 5468 produnt,
1478 5395 1590 5470 neque
1616 5367 1772 5441 scientiae
1804 5364 2085 5452 emolumentum
2118 5363 2256 5465 aliquid

976 5481 1145 5571 afferunt3
1172 5511 1280 5587 quare
1304 5484 1628 5570 consultuisduxi,
1655 5509 1713 5557 eos
1730 5483 1788 5557 htc
1813 5480 1921 5582 plane
1936 5482 2120 5567 omittere,
2150 5506 2254 5581 quam

975 5611 1013 5669 ut
1044 5602 1127 5677 libri
1153 5602 1280 5675 molem
1308 5602 1351 5673 iis
1374 5602 1617 5676 describendis
1643 5602 1755 5675 nimio
1782 5624 1957 5699 augerem.
