5859 8009
1040 1463 1171 1515 mm

993 1661 1136 1728 Orientis
1159 1676 1226 1723 non
1250 1676 1321 1723 raro
1345 1659 1489 1733 monier,
1517 1676 1584 1723 non
1608 1652 1752 1723 aedicere
1774 1657 1856 1723 milri
1881 1656 2010 1725 ridetur
2030 1630 2075 1723 sd
2098 1655 2280 1743 dynastirm

992 1798 1126 1865 omnino
1152 1790 1370 1883 rejiciendam.
1421 1792 1587 1859 Praeterea
1625 1795 1726 1883 hujus
1763 1792 1874 1859 classis
1907 1790 2047 1865 dirlsemi
2078 1797 2212 1891 plurimi
2239 1800 2282 1867 ab

992 1931 1065 1998 aliis
1089 1927 1246 1995 facillime
1285 1926 1523 2021 dignoscuntur
1546 1941 1580 1993 et
1605 1929 1719 2027 babitu
1753 1928 1873 2022 dispari
1902 1942 1936 1996 et
1957 1936 2116 2026 scriptura
2139 1931 2281 2003 diversa:

905 2064 906 2075 ’
992 2092 1067 2133 nam
1092 2063 1189 2133 solito
1216 2066 1396 2141 crassiores,
1421 2062 1602 2130 litterarum
1628 2064 1750 2132 ductus
1772 2062 1950 2132 ostendunt
1972 2066 2165 2159 graciliores,

1094 2326 1139 2389 ln¹
1161 2327 1269 2391 numis
1295 2317 1516 2389 describendis
1542 2326 1666 2399 omnia,
1707 2297 1792 2411 quae
1825 2323 1864 2383 iis
1901 2321 2028 2393 insunt,
2068 2323 2155 2385 varia
2188 2343 2281 2387 orna·

995 2474 1119 2537 menta,
1143 2463 1232 2551 signa
1260 2464 1513 2526 monetariorum
1535 2482 1562 2524 e.
1590 2481 1614 2523 s.
1642 2480 1674 2547 p.
1701 2452 1873 2545 diligenter
1898 2452 2019 2517 notavi.
2049 2455 2094 2520 Ea
2117 2459 2283 2523 enimnon

992 2593 1102 2660 solum
1128 2592 1168 2657 ad
1199 2598 1391 2659 numismata
1419 2592 1543 2657 diversa
1570 2588 1751 2656 definienda
1781 2585 1922 2654 multum
1936 2587 2074 2655 afferunt
2087 2588 2283 2678 adjumenti;

994 2725 1188 2803 sedetiam,
1222 2750 1326 2816 quum
1353 2730 1493 2801 variant,
1524 2747 1661 2788 numum
1686 2728 1854 2815 proprium
1880 2749 1953 2790 vere
1981 2730 2178 2792 constituere
2202 2726 2282 2793 mihi

995 2860 1156 2928 videntur.
1210 2863 1273 2927 Eos
1313 2863 1412 2952 igitur
1445 2831 1561 2923 numos
1592 2854 1739 2947 exempla
1772 2862 1907 2923 omnino
1933 2856 2056 2922 diversa‘
2085 2859 2202 2937 habui,
2227 2864 2284 2951 qui

981 3000 1116 3093 'talibus
1141 3004 1240 3092 signis
1266 3010 1298 3065 et
1324 3000 1521 3064 ornamentis
1550 2994 1600 3061 rel
1642 2998 1776 3060 minime
1801 2996 1842 3059 ab
1869 2994 1941 3059 aliis
1967 2992 2174 3071 differeban13
2201 3017 2287 3084 quae

996 3159 1045 3200 res
1073 3113 1212 3199 maxime
1234 3138 1268 3198 in
1294 3130 1499 3198 samanidieis
1531 3133 1685 3195 cernitur.
1738 3128 1770 3194 Si
1804 3141 1853 3227 tot
1891 3153 1928 3195 ac
1967 3141 2076 3196 tantae
2111 3152 2288 3195 numorum

997 3267 1140 3355 ejusdem
1168 3271 1242 3331 anni
1269 3277 1301 3332 et
1324 3265 1387 3331 loci
1427 3269 1595 3329 varietates
1621 3277 1765 3329 monetas
1793 3264 1932 3333 diversas
1962 3290 2035 3333 vere
2060 3265 2223 3350 indicant,
2253 3265 2286 3331 id

997 3401 1089 3495 quod
1130 3426 1237 3495 neque
1276 3424 1391 3493 negare
1426 3422 1485 3465 nec
1523 3400 1677 3465 affirmare
1711 3406 1830 3478 ausim,
1872 3407 1999 3493 copiam
2023 3407 2145 3495 argenti
2171 3408 2287 3495 signati

998 3546 1168 3617 miremur,
1193 3535 1324 3631 qualem
1350 3558 1515 3629 nusquam
1541 3540 1601 3600 nisi
1632 3540 1665 3599 in
1691 3534 1823 3603 Oriente
1850 3536 2061 3605 offendamus.

1099 3786 1136 3849 ln
1163 3789 1265 3875 prima
1299 3782 1399 3849 classe
1438 3800 1555 3843 numos
1597 3774 1736 3844 ineditos
1763 3789 1890 3852 notare,
1932 3776 2289 3855 decerneremus

1000 3918 1154 3985 facillima
1179 3918 1252 3985 fuit.
1304 3920 1341 3985 ln
1380 3922 1494 3983 ceteris
1533 3938 1598 3979 non
1637 3918 1724 4001 item.
1779 3912 1888 3978 Primo
1925 3914 2027 4004 igitur
2066 3911 2187 3978 dubius
2211 3910 2290 3979 tales

1001 4052 1157 4130 indicari,
1197 4063 1287 4144 post,
1309 4073 1400 4127 vero,
1441 4052 1503 4115 nisi
1530 4074 1579 4114 res
1605 4054 1738 4115 omnino
1765 4061 1851 4112 certa
1878 4048 1957 4111 mihi
1983 4046 2170 4126 ridebatur,
2208 4048 2291 4113 hanc

984 4188 1265 4299 'significationem
1295 4186 1391 4277 plane
1425 4189 1641 4276 praetermisi,
1668 4189 1835 4274 antiquius
1861 4184 1982 4249 habens
2008 4184 2172 4252 dirhemos
2199 4197 2291 4251 nota-

999 4321 1131 4390 biliores
1161 4327 1194 4413 in
1221 4322 1341 4387 tabulis
1362 4320 1524 4408 adjunctis
1550 4318 1726 4388 delineatae
1744 4316 1927 4411 legentibus
1955 4320 2108 4411 proferre.

1100 4554 1289 4648 Siquando
1316 4561 1542 4646 inscriptiones
1566 4556 1646 4621 mihi
1685 4513 1841 4622 obscurae
1879 4552 2092 4629 ridebantur,
2128 4574 2182 4617 eac
2206 4549 2291 4616 linea

1001 4690 1194 4785 superducta
1216 4689 1366 4757 indicari.
1419 4692 1544 4760 lluctus
1577 4714 1652 4758 vero
1690 4689 1871 4755 litterarum
1897 4686 2017 4753 dubios
2037 4697 2196 4785 scriptura
2222 4715 2293 4759 nes-

1001 4826 1095 4891 lshica
1135 4837 1247 4891 notare
1282 4835 1417 4890 conatus
1459 4848 1546 4892 sum.
1598 4824 1647 4891 Ne
1685 4830 1823 4889 examini
1862 4822 2003 4889 aliorum
2034 4824 2129 4893 loeus
2158 4831 2293 4893 omnino

1001 4962 1142 5037 deesset,
1169 4984 1321 5053 magnum
1349 4983 1460 5026 eorum
1489 4982 1682 5037 nnmerum,
1708 4965 1881 5054 praecipue
1908 4958 2055 5026 nondum
2082 4960 2247 5027 editorum
2260 4950 2304 5027 et'

1002 5094 1168 5187 explicatu
1197 5093 1397 5173 difficilium,
1436 5093 1538 5187 lapidi
1578 5094 1788 5160 incidendum
1816 5100 1936 5160 curavi.
1988 5097 2052 5161 llas
2077 5118 2188 5163 omnes
2214 5101 2294 5163 ima·

1003 5235 1091 5321 gines
1113 5228 1154 5295 ad
1181 5231 1268 5321 ipsos
1297 5250 1460 5294 numosa
1496 5225 1711 5320 lithographis
1750 5226 1938 5295 sollertibus
1973 5230 2003 5296 J.
2030 5233 2065 5298 1².
2091 5232 2231 5318 Meyer
2255 5244 2295 5299 et

1003 5368 1134 5431 sociis
1187 5362 1332 5430 llnlmise
1370 5359 1510 5428 fideliter
1547 5359 1724 5429 delineatae
1759 5386 1835 5429 cum
1870 5364 2110 5457 exemplaribus
2144 5378 2294 5433 accurate

1004 5474 1156 5566 contuli.¹
1190 5498 1229 5566 ln
1270 5502 1353 5565 votis
1371 5494 1483 5575 luit,
1504 5508 1541 5601 nt
1574 5520 1750 5567 numorum
1777 5520 1912 5594 qnoque
1936 5500 2184 5596 descriptiones,
2209 5524 2295 5595 quae
