5859 8009
1780 1495 1898 1544 1.less

653 1683 831 1751 industriae
868 1705 984 1775 operae
1028 1694 1225 1759 mercatura,
1265 1702 1350 1773 quae
1388 1684 1422 1745 in
1457 1676 1552 1745 bellis
1576 1679 1692 1745 llorere
1712 1700 1780 1744 uon
1816 1689 1941 1772 potest,

654 1824 758 1887 omnis
784 1823 919 1887 cessant
945 1818 996 1887 uel
1025 1823 1058 1885 in
1085 1816 1164 1885 alias
1194 1822 1332 1909 ingressa
1361 1824 1410 1881 est
1434 1817 1520 1891 vias,
1558 1823 1607 1892 et,
1644 1810 1736 1904 quod
1761 1810 1873 1879 adbuc
1898 1816 1945 1877 vi-

654 1965 784 2046 guerat,
811 1958 895 2021 inter
924 1953 1090 2021 Orientem
1116 1966 1149 2019 et
1169 1950 1381 2021 Occidentem
1405 1954 1639 2016 commercium
1659 1954 1797 2042 quierit.
1831 1952 1946 2044 Neque

655 2092 792 2161 ulterius
816 2087 1039 2183 expeditiones
1063 2094 1095 2156 iu
1121 2092 1215 2197 Asiae
1237 2088 1316 2157 linea
1336 2092 1609 2183 suscipiebantur.
1640 2090 1745 2157 Duces
1767 2094 1870 2170 euim,
1887 2090 1947 2156 do-

657 2226 700 2287 mi
727 2225 795 2287 auis
822 2221 919 2289 rebus
944 2221 1113 2311 occupati,
1141 2223 1173 2284 iu
1195 2216 1273 2285 alias
1298 2232 1403 2312 partes
1426 2244 1514 2286 arma
1539 2233 1726 2287 convertere
1740 2223 1948 2317 cogebantur.

655 2365 772 2434 Seculo
798 2366 845 2431 xl
874 2388 906 2455 p.
929 2362 1013 2430 Chre
1027 2364 1161 2430 ineunte
1187 2362 1302 2430 Oriens
1326 2359 1424 2426 etiam
1447 2372 1613 2451 aspectum
1640 2348 1790 2451 praebuit
1805 2360 1947 2426 tristissi-

655 2524 756 2568 mum.
806 2500 883 2565 Post
908 2498 1131 2567 Kborasanam
1166 2514 1199 2568 ct
1228 2523 1301 2567 mox
1327 2480 1432 2566 totum
1460 2497 1624 2565 llelrorurn
1648 2524 1785 2593 regnum
1812 2526 1829 2565 a
1857 2500 1948 2567 Mab-

656 2623 756 2692 mudo
782 2620 978 2717 glraznevida
1003 2636 1244 2715 expugnatum,
1274 2629 1360 2691 viana
1395 2636 1592 2692 mercaturae
1618 2635 1651 2689 et
1676 2629 1869 2693 commercio
1896 2650 1949 2693 so·

655 2759 746 2825 litam
773 2755 861 2824 bella
886 2755 1097 2835 celenderum,
1128 2771 1160 2824 et
1184 2755 1375 2836 seditiones,
1403 2771 1478 2850 post
1505 2773 1643 2826 mortem
1669 2758 1759 2827 illius
1777 2761 1946 2828 Mahmudi

654 2908 798 2973 exortae,
824 2892 987 2961 tumultus
1014 2905 1047 2959 et
1065 2890 1261 2959 calamitates
1284 2894 1409 2986 ubique
1420 2905 1570 2961 crearunt
1581 2893 1793 2963 foedissimas.
1823 2899 1947 2966 luterea

655 3028 866 3120 Seldjnlridae
892 3052 980 3095 more
1007 3029 1182 3094 Turcaruur
1210 3026 1294 3094 serto
1320 3041 1352 3093 et
1373 3028 1566 3120 igneAsiam
1582 3033 1750 3098 vastabant
1766 3037 1946 3102 citeriorem

655 3180 754 3258 atque
774 3164 889 3233 ultima
918 3166 1059 3252 cujusvis
1083 3166 1160 3227 artis
1186 3174 1219 3228 et
1249 3158 1360 3227 cultus
1385 3158 1538 3230 delebant
1560 3166 1702 3257 vestigia.
1730 3168 1949 3246 lliaaccesait,

656 3303 746 3399 qnod
772 3304 1050 3377 christianismus,
1076 3302 1139 3368 boc
1165 3299 1232 3369 sere
1259 3313 1405 3394 tempore
1428 3303 1461 3363 in
1488 3297 1602 3364 Suecia
1628 3300 1809 3382 stabilitus,
1835 3325 1948 3371 ornnes

656 3462 705 3506 res
728 3451 793 3505 tam
820 3432 969 3531 publicas
994 3458 1093 3527 quam
1120 3434 1259 3526 privatas
1280 3446 1404 3503 mutare
1417 3439 1556 3528 incepit,
1580 3450 1758 3504 mercatura
1776 3436 1853 3504 alias
1875 3443 1949 3505 iniit

658 3579 741 3650 vias,
779 3568 1001 3664 expeditiones
1037 3568 1267 3662 Wilaingarurn
1308 3566 1493 3647 desierunt,
1530 3580 1563 3636 et
1602 3582 1732 3671 moneta
1755 3578 1886 3665 propria
1916 3579 1949 3638 in

657 3708 769 3774 Suecia
791 3709 914 3797 signata
939 3714 996 3769 est.
1049 3702 1122 3769 Non
1151 3702 1252 3791 hujus
1291 3716 1340 3770 est
1374 3706 1559 3797 scriptionis
1594 3712 1627 3772 in
1656 3729 1785 3777 caussas
1815 3715 1948 3802 penitus

658 3846 837 3933 inquirere,
871 3838 996 3930 quibus
1031 3839 1166 3928 pecunia
1200 3834 1342 3904 Orientis
1367 3838 1433 3905 buc
1457 3841 1500 3905 sit
1539 3845 1681 3921 inrecta3
1724 3867 1776 3910 eas
1810 3851 1949 3912 summis

658 3975 752 4041 lineis
777 3971 937 4040 indicasse
962 3970 1018 4037 fini
1046 3974 1214 4064 proposito
1238 3974 1389 4055 sufficiat,
1415 4001 1520 4069 quum
1546 3974 1600 4043 alii
1625 3976 1846 4058 nondeeriut,
1873 3985 1949 4073 qui,

660 4109 877 4177 monumentis
904 4107 1057 4174 omnibus
1083 4106 1148 4172 buc
1173 4112 1411 4200 pertinentibus
1435 4119 1574 4207 coguitis
1600 4127 1633 4182 et
1658 4118 1721 4183 rite
1743 4121 1948 4197 examinatis,

657 4244 739 4309 banc
766 4264 835 4307 reua
861 4238 1075 4332 explicabunt
1100 4238 1351 4333 gravissimam¹

653 4508 691 4595 t)
726 4533 802 4586 lianc
817 4534 955 4585 materiem
973 4532 1082 4585 uberius
1099 4542 1241 4605 tractatam
1268 4536 1356 4589 lector
1385 4539 1529 4591 beneralna
1547 4540 1665 4591 inveniet
1681 4543 1710 4593 in
1728 4543 1950 4593 commentatione

725 4637 796 4679 mea,
814 4636 892 4689 qnam
920 4616 972 4669 Ora
989 4616 1023 4669 dr
1046 4619 1058 4669 a'
1081 4617 1182 4673 Snrnrlr
1194 4616 1261 4691 jord
1274 4622 1357 4691 larana
1376 4612 1569 4676 (latcrlo'radalrr
1586 4634 1660 4693 ειμι
1677 4626 1850 4697 inscriptam,
1873 4629 1951 4681 Aea-

721 4706 824 4757 demiaa
840 4704 992 4755 litterarum
1010 4702 1207 4767 humaniorum,
1226 4705 1356 4760 historiae
1374 4714 1401 4760 rt
1417 4710 1609 4781 antiquitatum
1627 4710 1768 4765 bolmieuai
1786 4712 1903 4782 exhibui,
1920 4722 1949 4765 rt

725 4793 751 4841 in
769 4789 847 4859 cnjus
866 4788 934 4841 actia
952 4806 984 4840 aa
1002 4788 1197 4859 publicabitur.

1166 5042 1431 5055 m
