5859 8009
1789 1473 1883 1530 mv

647 1685 700 1753 trit
726 1687 791 1751 bna
815 1676 1056 1750 intuebamur.
1092 1671 1183 1745 cisoa
1197 1675 1261 1744 boa
1285 1676 1426 1742 florium
1443 1673 1610 1740 Burnum
1624 1669 1831 1747 habitabant,
1855 1691 1932 1763 gana

648 1833 843 1890 maurae
866 1835 1060 1909 magnopore
1097 1810 1225 1890 ddita,
1261 1812 1355 1900 eujus
1381 1808 1539 1876 industris
1565 1817 1597 1874 st
1624 1803 1933 1873 studiosissimam

646 1960 766 2050 argenti
791 1958 876 2047 rim,
915 1969 1001 2044 quae
1023 1964 1082 2044 pst
1114 1946 1278 2060 Ῑὶιιιοὶιῐιὶ,ἰ
1318 1947 1521 2016 Germaniam
1546 1949 1579 2012 et
1600 1941 1748 2009 Suettium
1774 1938 1932 2034 dispersi,

647 2089 866 2160 identiuema
892 2101 976 2156 tem
999 2093 1141 2161 eruitur.
1184 2091 1217 2155 in
1242 2083 1406 2180 Europam
1430 2084 1553 2152 litatem
1589 2091 1752 2173 putamus
1802 2073 1932 2170 imperii

648 2245 758 2295 eorum
782 2226 876 2295 aedes
898 2231 933 2293 in
957 2224 1101 2320 Buighar
1126 2225 1191 2291 suit
1218 2225 1329 2301 urire,
1343 2235 1429 2314 quse
1451 2223 1484 2286 in
1510 2215 1655 2284 fluminis
1672 2211 1727 2284 itii
1740 2211 1935 2303 septentrio·
2058 2269 2060 2276 χ

647 2367 711 2436 suti
736 2375 808 2462 ripa
828 2370 947 2457 jannis,
970 2374 1004 2434 st
1028 2366 1185 2432 brunnon
1200 2348 1505 2427 armassemus
1519 2349 1600 2429 fuit,
1623 2319 1934 2439 Sinuarappaliau,

649 2503 737 2572 onds
762 2506 812 2571 t!
832 2503 990 2580 titubanti,
1016 2526 1044 2568 a.
1070 2501 1145 2568 588
1166 2494 1330 2589 (vomito)
1355 2498 1442 2570 ansi,
1468 2489 1510 2559 ad
1535 2513 1594 2558 nos
1618 2497 1843 2582 personarunt.

753 2987 830 3053 Post
855 2985 918 3051 hoo
942 2985 1002 3049 iter
1028 2983 1207 3072 pervarias
1233 2974 1332 3041 urbes
1358 2969 1535 3039 monetales
1562 2981 1745 3062 peractum,
1767 2969 1836 3057 jam
1852 2973 1938 3036 viam

651 3123 743 3192 saoile
768 3123 919 3214 persequi
946 3139 1135 3210 possumus,
1161 3137 1226 3206 qua
1254 3112 1347 3176 numi
1374 3105 1509 3184 diversi,
1534 3112 1677 3175 variante
1701 3122 1808 3176 tamen
1828 3113 1938 3201 copia,

653 3270 783 3341 iverint,
808 3273 1002 3354 antequam,
1028 3256 1068 3324 ad
1095 3267 1202 3323 nostra
1229 3253 1339 3319 littora
1357 3249 1502 3329 adventi,
1526 3257 1559 3318 in
1579 3265 1661 3319 terra
1674 3274 1810 3318 sueoana
1824 3248 1940 3342 sepeli·
2015 3305 2020 3312 .

653 3406 773 3462 rentur.
825 3396 863 3460 ln
887 3396 1011 3466 numis,
1037 3393 1112 3482 qui,
1138 3413 1202 3454 una
1230 3391 1369 3463 inventi,
1394 3388 1483 3454 brevi
1508 3399 1582 3480 post
1604 3410 1715 3456 eorum
1737 3384 1779 3452 ad
1801 3409 1860 3452 noa
1884 3383 1941 3451 ad-

653 3543 784 3600 rentum
810 3525 968 3595 reconditi
996 3521 1165 3600 videntur,
1192 3527 1252 3588 iter
1278 3544 1389 3588 eorum
1414 3545 1471 3614 per
1499 3525 1593 3588 Asine
1610 3523 1708 3589 urbes
1730 3525 1855 3614 optime
1871 3518 1940 3586 elu-

654 3673 712 3728 oet.
764 3661 839 3739 Quo
876 3659 1127 3748 propinquiores
1151 3649 1212 3716 hae
1234 3673 1273 3715 ex
1297 3673 1360 3716 una
1389 3660 1479 3742 parte
1503 3654 1581 3715 mari
1607 3653 1735 3741 mapioo
1755 3653 1835 3715 sitae
1860 3651 1942 3726 sint,

654 3812 691 3856 eo
717 3790 819 3874 major
840 3776 1014 3852 nnmorum
1053 3778 1238 3876 frequentia
1278 3773 1472 3874 pierumque
1496 3783 1542 3849 fir.
1594 3781 1631 3850 ln
1655 3773 1944 3853 Movere-elmahr

653 3907 782 3984 tandem
809 3937 963 3983 numerus
988 3906 1097 3980 euadit
1124 3915 1293 3980 maximus.
1347 3909 1417 3980 Huo
1442 3919 1528 3981 enim
1547 3920 1617 3982 viae
1628 3903 1840 3986 decurrerunt
1852 3925 1945 3988 Asiae

635 4049 812 4128 'diversae,
838 4047 965 4140 quibus
990 4069 1111 4112 meroes
1138 4045 1170 4111 in
1194 4069 1281 4111 rnare
1307 4052 1469 4139 caspioum
1496 4046 1738 4130 deserebantur3
1774 4054 1843 4122 huo
1868 4055 1945 4123 Bul-

655 4179 741 4272 ghari
770 4178 987 4256 advenerunt,
1028 4185 1059 4245 et
1094 4192 1261 4271 argentum
1291 4179 1332 4245 ab
1375 4183 1412 4246 iis
1440 4181 1473 4246 in
1506 4175 1654 4249 Russiam
1679 4141 1861 4275 portatum,
1890 4209 1947 4278 per

657 4311 789 4375 flumina
811 4301 959 4398 denique·
981 4312 1013 4373 in·
1046 4311 1190 4399 regiones
1226 4301 1384 4373 balthioas
1417 4327 1563 4399 sparsum
1590 4315 1646 4374 esi.
1698 4309 1783 4378 Gens
1809 4305 1865 4377 iila
1889 4303 1946 4377 ad·

660 4445 793 4513 modurn
834 4447 899 4514 suit
941 4447 1065 4521 sedula,
1118 4445 1300 4538 Geographi
1340 4442 1483 4512 Arabum
1523 4444 1612 4512 haud
1648 4472 1718 4514 raro
1747 4447 1789 4515 de
1811 4457 1948 4515 catervis

659 4582 786 4640 narrant
813 4584 1027 4639 mercatorum
1059 4565 1312 4663 Bulgharorum,
1342 4585 1427 4660 quae
1449 4593 1507 4661 per
1530 4565 1747 4640 Kharizmiam
1774 4579 1807 4641 in
1836 4575 1947 4643 Sama-

658 4709 808 4774 nidarum
835 4714 1008 4801 imperium
1041 4707 1346 4800 proficiscebantur,
1388 4704 1430 4772 de
1454 4709 1593 4774 naribus
1619 4721 1732 4775 eorum
1755 4715 1947 4792 innumeris,

659 4865 742 4913 mare
774 4852 938 4938 oas'pioum
965 4849 1295 4939 transnavigantibus,
1334 4872 1418 4940 quae
1443 4871 1563 4915 meroes
1591 4853 1746 4916 terrarum
1770 4843 1950 4922 borealium

660 4975 874 5055 advehebant,
914 4983 1087 5068 praecipue
1125 4988 1228 5043 restes
1268 4973 1342 5043 illas
1368 4976 1539 5070 peilioeas,
1578 4993 1659 5072 quas
1686 5005 1762 5048 usus
1796 4979 1967 5053 mirificus·

662 5119 747 5183 suni
774 5117 903 5182 Orienti
941 5115 1019 5182 seuit
1056 5121 1255 5183 necessarias.
1307 5117 1340 5184 si
1368 5123 1436 5184 'vitu
1457 5121 1528 5185 auri
1556 5125 1589 5187 et
1612 5125 1733 5214 argenti
1762 5126 1948 5189 immensam

664 5253 930 5332 oonsiderareris,
955 5272 1056 5345 quam
1081 5257 1121 5321 ab
1150 5259 1383 5350 antiquissimis
1412 5260 1488 5327 inde
1512 5255 1712 5355 temporibus
1726 5276 1808 5330 terra
1821 5268 1951 5357 retegit,

664 5387 737 5456 hine
764 5395 799 5456 in
825 5383 991 5483 Europum
1028 5391 1173 5475 illatam,
1200 5387 1296 5463 facire·
1331 5386 1473 5477 videbis,
1513 5397 1611 5491 quale
1647 5409 1681 5465 et
1704 5409 1865 5491 quuutum
1892 5399 1953 5465 hoo

632 5586 634 5589 .
665 5519 760 5594 iussit
785 5536 1025 5599 commercium.
