5859 8009
1787 1486 1869 1536 mr

618 1671 786 1764 regiorum,
829 1687 915 1762 quae
956 1677 996 1734 et
1028 1665 1189 1758 postulor
1225 1661 1344 1734 divites
1380 1663 1477 1732 bonis
1518 1669 1716 1732 mercaturae
1756 1669 1916 1758 optimam

619 1802 811 1872 obtulerunt
848 1806 1051 1870 occasionem
1087 1815 1121 1870 et
1155 1809 1387 1874 commercium
1432 1801 1564 1868 maximi
1609 1804 1766 1867 momenti
1804 1805 1914 1867 Asiam

618 1947 700 2008 inter
724 1951 758 2006 et
785 1939 949 2032 Europam
977 1944 1220 2020 sustinuerunt,
1244 1948 1277 2010 et
1289 1937 1458 2006 montibus
1481 1935 1630 2002 munitae
1657 1938 1825 2004 inaccessis
1838 1933 1915 2004 reli·

623 2081 750 2170 gionem
799 2079 936 2168 patriam
986 2085 1021 2142 et
1066 2071 1249 2142 libertatem
1303 2073 1513 2142 domesticam
1554 2083 1668 2141 contra
1712 2072 1914 2141 Muhsmme-

620 2210 780 2280 danorum
807 2214 968 2306 impetum
982 2209 1042 2278 diu
1060 2208 1290 2279 defenderunt.
1340 2209 1456 2302 ltsque
1476 2206 1608 2277 duobus
1631 2204 1916 2299 lereseeulispost

619 2349 725 2438 ignem
746 2367 874 2412 sacrum
909 2348 943 2422 in
977 2344 1133 2412 omnibus
1157 2343 1295 2414 Persidis
1321 2343 1522 2438 sterchgadis
1555 2348 1770 2422 exstinctum,
1805 2346 1832 2409 is
1860 2342 1916 2406 hie

620 2483 696 2548 rrsit
720 2477 925 2574 splendidus.
975 2480 1049 2548 lluo
1066 2483 1163 2548 etiam
1188 2478 1326 2549 rebelles
1350 2492 1388 2548 et⁴
1411 2479 1564 2575 praelecti
1593 2477 1739 2547 seditiosi
1765 2473 1917 2568 confugi·

620 2617 734 2696 ebant,
759 2639 817 2711 spe
840 2630 927 2686 certa
940 2614 1034 2695 freti,
1060 2627 1099 2684 ut
1121 2613 1262 2685 lectione
1274 2621 1452 2709 potentiori
1478 2618 1533 2684 liic
1551 2637 1627 2683 mox
1651 2612 1760 2681 forent
1778 2607 1918 2680 suffulti.

621 2751 746 2842 llejlem
771 2750 883 2820 nullos
902 2751 998 2819 nobis
1021 2748 1158 2845 reliquit
1183 2773 1311 2819 numos.
1363 2752 1498 2830 llnmis,
1526 2774 1612 2844 quae
1639 2751 1718 2816 huic
1741 2747 1784 2814 ab
1806 2758 1916 2813 austro
1999 2757 2003 2771 '

618 2890 737 2975 jacuit,
750 2900 850 2981 ceput
865 2887 981 2956 habuit
995 2887 1191 2981 Dameghsn.
1217 2890 1334 2958 Notior
1346 2911 1422 2956 vero
1433 2889 1529 2955 nobis
1540 2898 1589 2986 est
1602 2884 1666 2952 alis
1679 2879 1826 2971 ejusdem
1838 2881 1917 2948 urbs

621 3018 812 3118 el·Bejnr‚
850 3045 935 3115 quse
961 3027 994 3090 in
1020 3023 1045 3090 ὅ
1076 3021 1298 3101 samanidiois,
1324 3047 1353 3093 a.
1384 3024 1459 3091 2⁹8
1486 3023 1593 3108 (910)
1621 3023 1768 3113 procusis
1799 3029 1914 3087 exstet.

621 3156 841 3236 laberistana,
864 3157 1011 3247 Dejlerno
1034 3160 1076 3226 ab
1100 3163 1225 3227 oriente
1253 3159 1331 3236 sita,
1358 3159 1467 3226 Amol
1488 3161 1577 3250 regni
1610 3155 1915 3251 praefectorumque

622 3291 826 3361 domicilium
840 3293 965 3374 habuit,
979 3307 1154 3387 postquem
1173 3292 1208 3360 id
1221 3286 1362 3389 Sarijd,
1378 3315 1462 3385 quae
1477 3292 1674 3382 Djurdjanae
1688 3297 1822 3387 propior
1840 3295 1914 3372 luit,

622 3429 688 3496 huc
712 3427 905 3496 translatum
929 3442 988 3496 est.
1041 3429 1186 3499 Dubium
1225 3433 1325 3522 igitur
1361 3442 1426 3508 est,
1458 3440 1531 3496 utra
1568 3429 1683 3496 harum
1715 3428 1917 3524 intelligatur

624 3563 754 3631 urbium
780 3566 814 3630 in
840 3567 862 3631 5
898 3563 1111 3644 abbssidicis,
1138 3569 1216 3659 qui,
1240 3589 1268 3634 a.
1298 3565 1498 3632 tuo-192
1524 3564 1762 3650 (tot-807)
1783 3571 1916 3660 signati,

622 3697 860 3768 Puberistanam
896 3697 1006 3766 locum
1041 3697 1187 3766 indicant
1219 3699 1426 3769 monetalem.
1478 3703 1583 3795 Prope
1622 3723 1711 3770 mara
1752 3705 1916 3794 caspicum

624 3828 687 3900 snit
712 3825 936 3900 Esterubadlr
961 3832 1137 3900 urbanum
1163 3849 1262 3924 portu
1283 3837 1403 3905 eximio
1430 3839 1608 3906 notissima.
1659 3837 1792 3904 Dirbetn
1812 3839 1918 3924 zijari·

624 3963 716 4034 dicus
734 3963 923 4057 singularis,
941 3992 969 4033 a.
987 3969 1066 4036 566
1076 3968 1175 4056 (976,
1198 3967 1237 4064 7)
1253 3969 1308 4038 hic
1322 3993 1436 4050 ouans,
1457 3975 1491 4037 in
1513 3972 1628 4039 Suesia
1640 3975 1758 4039 unicus
1770 3982 1919 4064 repertus

624 4113 681 4168 est.
709 4137 759 4154 -
784 4100 962 4191 Djurdjana
993 4102 1125 4172 tandem
1151 4108 1334 4196 provincis,
1366 4109 1483 4172 orienti
1510 4108 1661 4199 propior,
1686 4105 1803 4173 urbam
1830 4106 1915 4195 ejus-

625 4231 699 4300 dem
724 4239 868 4302 nominis
890 4235 1006 4302 hebuit
1031 4237 1197 4329 pulcram,
1231 4236 1272 4304 ad
1297 4237 1435 4307 fluvium
1459 4240 1554 4308 sitam
1581 4239 1807 4334 navigabilem.
1860 4241 1920 4308 llic

625 4368 775 4440 Zeididae
800 4370 910 4439 sedem
938 4369 1096 4450 fixerunt,
1131 4391 1273 4464 quorum
1312 4377 1404 4439 numi
1430 4378 1602 4453 rarissimi,
1634 4397 1772 4443 numero
1800 4375 1865 4453 ss,
1891 4400 1919 4440 a.

626 4505 827 4574 nor-270
852 4505 1081 4600 (utto-88⁴)
1106 4512 1196 4587 cusi,
1221 4503 1299 4572 hino
1324 4503 1365 4570 ad
1390 4526 1450 4571 nos
1478 4517 1705 4597 pervenerunt.

728 4691 932 4757 llnorsssra
955 4693 976 4756 i.
1002 4711 1031 4755 e.
1058 4701 1166 4755 terra
1189 4685 1295 4754 solis
1320 4710 1417 4756 sensu
1440 4686 1591 4781 ampliori
1617 4703 1719 4760 totam
1756 4692 1921 4762 Persidem

627 4821 912 4918 septentrionalem
950 4821 1098 4915 amplexa
1136 4836 1192 4891 est.
1246 4823 1319 4892 Situ
1356 4846 1416 4892 suo
1441 4823 1576 4916 populis
1602 4830 1756 4895 turonicis
1780 4832 1922 4907 vicinae,

627 4960 696 5049 ejus
721 4971 789 5028 erat
810 4960 935 5026 lranam
970 4969 1083 5024 eontra
1108 4967 1219 5051 gentes
1244 4956 1395 5024 barbaras
1424 4969 1456 5024 et
1483 4980 1611 5051 semper
1638 4963 1784 5029 inimicas
1809 4958 1923 5028 delen·

628 5092 721 5175 dere,
735 5106 768 5162 et
782 5115 902 5162 nomen
925 5094 1115 5187 ambiguum
1141 5097 1241 5161 «ensis
1267 5088 1422 5162 Persidis»
1443 5088 1558 5158 multis
1579 5090 1621 5161 de
1642 5096 1750 5162 causis
1767 5097 1923 5164 merebat.

628 5229 739 5310 Quum
764 5225 947 5306 desertum,
976 5223 1187 5316 Djurdjanam
1212 5251 1231 5293 a
1254 5227 1441 5296 llhorusans
1468 5225 1640 5308 dirimens,
1668 5251 1923 5309 essesemensus,

630 5375 705 5457 post
732 5365 782 5432 26
809 5367 988 5431 stationum
1016 5365 1077 5430 iter
1105 5357 1331 5435 Nisaburam
1356 5366 1490 5443 venisti,
1515 5385 1603 5456 qnae
1628 5374 1776 5459 tempore
1798 5365 1923 5434 Trltiri·

631 5495 745 5568 darum
772 5501 862 5594 regni
888 5495 981 5568 sedes
1005 5491 1089 5564 facts
1128 5511 1193 5580 eat,
1217 5521 1322 5594 quum
1349 5511 1440 5569 antee
1469 5499 1574 5570 Mero
1596 5507 1630 5570 et
1658 5497 1762 5567 Balkh
1789 5495 1921 5569 diversis
