5859 8009
1046 1408 1165 1525 mm

994 1650 1382 1729 el·Mrrlzammedr'ues
1414 1652 1662 1723 nadhstittsto
1692 1651 1815 1722 kbsliie
1854 1674 1970 1732 sums,
2005 1678 2105 1747 wem
2137 1656 2285 1743 tisun·

997 1788 1103 1863 ml
1125 1790 1211 1861 sslso
1233 1786 1463 1868 contendit,'a
1495 1787 1805 1883 iduqtadirbilleba
1831 1814 1861 1857 s.
1884 1790 1961 1857 313
1985 1812 2054 1857 esee
2081 1789 2285 1860 lubricatum.

1101 2048 1232 2114 interim
1257 2042 1374 2111 borum
1400 2062 1574 2107 numorurn
1598 2036 1702 2106 molas
1729 2039 1905 2131 quotannis
1928 2039 2108 2120 crescebat,
2145 2062 2286 2146 prpsser-

998 2184 1057 2245 tim
1084 2175 1215 2243 duobus
1241 2175 1411 2267 postremis
1454 2167 1637 2272 decenniis,
1675 2168 1797 2261 quibus
1818 2173 1911 2262 quasi
1934 2193 2038 2237 novus
2071 2171 2168 2239 ardor
2193 2187 2288 2242 natus

997 2317 1172 2387 ridebatur
1210 2314 1443 2406 antiquitatum
1483 2276 1605 2401 patriae
1642 2312 1784 2397 cujusvis
1822 2317 1946 2405 generis
1978 2314 2286 2391 conservandarum,

999 2472 1031 2529 at
1057 2471 1145 2525 tante
1171 2480 1246 2523 mox
1270 2452 1353 2519 lacta
1379 2464 1427 2518 est
1452 2451 1557 2520 culice
1575 2450 1744 2531 collectio,
1770 2465 1810 2520 ut
1836 2458 1904 2547 ipsa
1925 2455 2151 2548 magnitudine
2173 2481 2287 2549 quem·

999 2594 1047 2658 ris
1073 2590 1167 2659 facile
1194 2589 1383 2665 deterreret,
1410 2592 1468 2679 qui
1497 2592 1530 2654 in
1554 2588 1700 2657 ordinem
1727 2615 1796 2658 eam
1820 2593 1964 2686 redigere
1989 2607 2133 2687 cuperet.
2173 2595 2288 2686 Neque

936 2786 941 2799 ,
1000 2734 1105 2807 enim,
1131 2740 1170 2795 ut
1195 2739 1269 2793 ante
1294 2716 1497 2793 consuetudo
1523 2724 1648 2809 lueret,
1673 2756 1792 2800 numos
1815 2734 1975 2827 quosdam
2001 2762 2039 2803 ex
2059 2738 2289 2819 omnibusunt

884 2871 889 2890 '
999 2878 1140 2940 inventis
1165 2867 1419 2962 numopbylaeio
1448 2871 1671 2962 segregabant,
1706 2872 1741 2937 id
1766 2874 1859 2966 quod
1885 2881 2071 2945 innumeros
2097 2877 2291 2970 disperserat

1000 3005 1159 3097 ejusmodi
1187 3006 1367 3082 thesaurum
1408 3004 1464 3071 sed
1491 3018 1623 3073 auctore
1650 3009 1910 3086 Hrtuscusttorm
1939 3010 2053 3076 barum
2080 3033 2215 3103 quoque
2240 3034 2288 3077 re·

999 3168 1073 3213 rum
1098 3143 1221 3212 sollerti
1251 3149 1470 3220 aestimatore,
1493 3168 1556 3210 usu
1581 3147 1685 3224 venit,
1711 3168 1877 3214 omnesne
1897 3146 2060 3239 singulos,
2078 3154 2187 3239 quiin
2205 3160 2289 3217 terra

1001 3289 1132 3356 Sueciae
1169 3286 1429 3378 reperiebantur,
1473 3308 1591 3351 numos
1629 3283 1765 3364 colicos,
1802 3308 1907 3376 quum
1933 3284 2133 3377 reipublicae
2160 3284 2287 3354 emendi

1000 3424 1207 3500 offerrentur,
1236 3426 1269 3485 in
1295 3418 1585 3511 numophylacium
1611 3425 1736 3513 regium
1764 3418 1892 3487 inferre.
1943 3426 1987 3486 st
2024 3433 2138 3489 auctae
2162 3424 2206 3486 ita
2232 3428 2292 3487 mi·

1001 3586 1075 3628 rum
1105 3566 1138 3626 in
1166 3560 1299 3626 modum
1325 3562 1401 3626 buic
1424 3560 1618 3651 supellectili
1645 3584 1760 3651 parum
1786 3558 1938 3625 utilitatis
1963 3562 2103 3624 secessit.
2148 3556 2292 3623 Aderant

1002 3691 1136 3785 quidem
1164 3693 1371 3760 collectiones
1394 3695 1521 3788 aliquot
1548 3701 1704 3777 minores,
1729 3723 1813 3791 quas
1841 3702 2110 3767 listtstttteuctus
2138 3701 2195 3768 ille
2225 3700 2290 3768 dis-

1003 3844 1170 3935 posuerat;
1211 3832 1342 3903 aderant
1381 3854 1515 3923 quoque
1554 3829 1634 3897 aliae
1666 3830 1754 3897 baud
1789 3834 1917 3919 majoris
1943 3834 2085 3899 ambitus
2110 3858 2128 3897 e
2156 3835 2191 3899 P.
2218 3834 2291 3900 Sto·

1003 3989 1118 4047 notro,
1148 3969 1226 4037 olim
1255 3972 1326 4036 tt.
1354 3968 1433 4035 0.0.
1462 3966 1642 4058 professore
1684 3968 1858 4060 upsallensi
1899 3977 2124 4048 meritissimo,
2162 3984 2292 4062 petente

1003 4106 1182 4189 academia,
1209 4110 1394 4202 explicatae.
1448 4110 1621 4199 Supererat
1660 4122 1765 4179 tamen
1802 4119 1940 4180 maxima
1980 4140 2053 4207 pers
2091 4140 2194 4208 eaque
2218 4139 2292 4183 vera

1003 4256 1182 4344 congeries,
1212 4274 1296 4342 quae
1317 4272 1382 4313 non
1410 4258 1539 4340 tempus
1561 4248 1660 4316 modo
1687 4252 1839 4341 poscebat
1866 4248 2011 4342 longius,
2036 4257 2060 4318 si
2077 4255 2138 4319 rite
2152 4278 2188 4319 ea
2204 4252 2293 4345 dige-

1002 4401 1141 4465 reretur,
1178 4387 1234 4454 sed
1272 4390 1418 4479 peritiam
1445 4387 1559 4463 etiam,
1598 4412 1616 4454 e
1648 4387 1811 4454 similibus
1849 4388 1965 4454 studiis
1993 4391 2203 4477 acquisitam,
2227 4406 2293 4449 non

1003 4523 1168 4617 vulgarem
1193 4524 1357 4617 flagitabat
1395 4527 1589 4614 interpretis.
1646 4522 1711 4587 Diu
1739 4548 1814 4590 sane
1837 4522 1918 4601 luit,
1959 4547 2061 4614 quum
2085 4522 2145 4585 bae
2169 4542 2218 4584 res
2245 4521 2293 4581 iu·

1003 4669 1298 4755 primis'animnm
1340 4684 1456 4751 meum·
1486 4665 1683 4741 allexerunt3
1724 4663 1896 4729 obstabant
1931 4681 2006 4724 vero
2033 4670 2064 4722 et
2091 4651 2294 4721 domiciliis

1003 4797 1390 4889 numcpbylacicmagna
1418 4797 1586 4873 distantia,
1612 4807 1645 4861 et
1671 4799 1728 4859 otii
1755 4799 1874 4885 inopia.
1911 4799 2007 4860 Anno
2027 4793 2157 4859 tandem
2188 4790 2296 4868 1859,

1003 4944 1180 5012 mediatore
1206 4904 1398 5007 amicissimo
1427 4941 1689 5011 Hrtnecusrtntm
1715 4934 1882 5027 ‘academie
1917 4936 2080 5024 permisit,
2109 4941 2147 4995 ut
2172 4952 2296 5015 omnes,

1007 5106 1088 5173 quas
1114 5076 1404 5169 ntimoplryleoiurn
1431 5081 1555 5168 regium
1584 5072 1747 5149 servabat,
1786 5068 1904 5135 culicas
1944 5065 2169 5141 collectiones,
2196 5055 2320 5153 Upsa-'

1004 5217 1081 5284 liam
1108 5220 1225 5280 sensim
1253 5220 1381 5288 missas,
1421 5209 1511 5276 domi
1538 5214 1771 5280 examinarem,
1798 5216 1830 5269 et
1857 5204 1900 5266 ita
1929 5212 2002 5293 post
2028 5212 2170 5291 quatuor
2195 5220 2296 5263 anno·

1001 5374 1074 5416 rum
1102 5354 1243 5441 spatium
1269 5354 1367 5413 totius
1393 5346 1640 5440 numopbylacii
1668 5342 1765 5411 culici
1791 5344 2008 5407 recensionem
2036 5323 2171 5400 absolvi.
2223 5329 2293 5396 Sta-

966 5642 970 5649 .
1008 5594 1038 5662 l)
1074 5594 1222 5646 Berrittelse
1237 5602 1289 5646 cet.
1309 5612 1372 5665 pag.
1392 5592 1463 5646 tos.
