5859 8009
1117 2422 1507 2493 PROOEMIUM.

668 2756 755 2875 dude
791 2804 832 2871 ab
866 2804 1100 2895 antiquissimis
1126 2802 1347 2895 temporibus,
1373 2820 1442 2867 rem
1479 2797 1600 2893 loquor
1639 2806 1857 2881 notissimam,
1882 2828 1956 2874 orae

666 2939 765 3007 Maris
788 2934 924 3005 baltbioi
950 2937 1165 3027 regionesque
1194 2937 1234 3001 iis
1258 2938 1463 3029 propinquae
1489 2940 1679 3006 immensam
1700 2946 1823 3034 urgenti
1840 2946 1956 3037 signati

666 3080 734 3143 vim
771 3076 806 3141 iu
844 3070 955 3139 luoem
979 3065 1161 3135 identidem
1186 3066 1371 3138 ediderunt.
1422 3070 1498 3139 Non
1523 3069 1740 3140 oooideutalis
1767 3072 1867 3142 modo
1893 3098 1956 3143 nu·

667 3215 831 3289 mismata,
858 3206 893 3273 id
905 3202 998 3299 quod
1015 3206 1133 3297 utique
1155 3210 1332 3298 exspeotari
1344 3214 1491 3297 poterat,
1514 3206 1561 3273 ibi
1579 3209 1793 3275 occurrebant
1805 3207 1960 3301 frequen·

668 3347 808 3423 tissima3
838 3341 896 3411 sed
935 3342 1033 3437 longe
1053 3398 1054 3401 ,
1071 3344 1212 3406 maxime
1237 3360 1414 3406 uumorum
1446 3341 1654 3409 inventorum
1681 3364 1754 3435 pars
1781 3365 1800 3409 e
1823 3340 1960 3410 dirbe·

671 3474 782 3557 mis,¹,
807 3500 892 3571 quos
916 3487 1050 3555 vocant,
1077 3476 1263 3557 constabat,
1288 3498 1438 3569 quorum
1463 3483 1689 3571 inscriptiones
1709 3504 1796 3547 mere
1817 3482 1961 3550 arabicae

672 3615 838 3687 Orientem
864 3616 1002 3706 petriam
1028 3606 1246 3677 indicabant²
1295 3614 1357 3679 Per
1378 3635 1491 3682 omnes
1510 3619 1673 3707 regiones,
1699 3620 1734 3681 in
1763 3616 1888 3707 quibus
1913 3640 1963 3683 re-

672 3752 898 3846 periebantur,
938 3746 1072 3813 babitus
1098 3744 1186 3814 idem
1214 3748 1255 3813 iis
1283 3744 1363 3827 fuit,
1389 3760 1477 3848 aetas
1499 3744 1630 3827 eadem,
1654 3751 1698 3816 ita
1725 3761 1871 3827 utnon,
1898 3756 1963 3817 nisi

672 3890 846 3963 rarissime,
876 3890 1033 3975 quartum
1066 3879 1191 3967 hidjree
1212 3878 1361 3948 seculum
1385 3880 1587 3951 excederent.
1637 3885 1802 3977 Perpetuo
1815 3891 1910 3953 etiam
1926 3911 1965 3953 u-

673 4024 775 4115 bique
815 4028 991 4089 reourrunt
1020 4012 1166 4083 bbaliiae
1201 4024 1234 4083 et
1271 4012 1484 4101 dynastae‚e
1518 4040 1662 4110 quorum
1687 4032 1818 4087 moneta
1851 4019 1965 4113 prodi-

674 4167 786 4237 erunt;
825 4160 973 4223 estatinae
996 4151 1195 4246 plerumque
1233 4156 1311 4233 sunt
1344 4152 1494 4242 originis,
1518 4148 1651 4219 sfrioani
1677 4163 1785 4219 autem
1812 4156 1907 4220 numi
1932 4165 1966 4221 et

678 4428 710 4497 Ι)
744 4428 846 4483 Nomen
875 4429 949 4515 pp
967 4431 1039 4501 plur.
1058 4416 1159 4513 βψ,
1181 4426 1344 4481 aroeabalo
1363 4444 1460 4499 grassa
1484 4425 1593 4500 δραχμὴ
1612 4430 1771 4493 formamur,
1790 4431 1854 4484 inde
1872 4448 1886 4482 s
1905 4435 1966 4501 pei-

741 4532 783 4567 ma
800 4514 1026 4579 Atat-stultum,
1042 4514 1161 4589 bbuiifse
1176 4514 1346 4585 nmujjadiei,
1365 4522 1486 4575 moneta,
1505 4533 1573 4567 suno
1591 4514 1632 4567 76
1647 4513 1807 4586 bidjrae(p.
1819 4516 1967 4584 cuntot,

742 4598 777 4662 θ)
795 4616 922 4671 procusa,
941 4590 1022 4671 usque
1048 4601 1082 4651 ad
1108 4599 1266 4652 bbulitatum
1284 4598 1499 4669 bugbdsdansem
1518 4598 1691 4663 exstinctu,
1707 4598 1736 4649 iu
1752 4616 1802 4652 usu
1818 4602 1881 4654 init.
1903 4604 1968 4655 Ho-

742 4689 792 4740 dus
820 4689 975 4758 pondusque
1002 4685 1344 4755 dirbernornmpuan
1371 4684 1550 4737 uniebantur.
1584 4685 1690 4735 Auru!
1705 4692 1795 4737 ntem
1816 4687 1966 4758 signatum,

743 4773 814 4843 quod
841 4773 869 4824 in
888 4772 987 4825 Suesia
1004 4772 1142 4824 rarissime
1159 4770 1311 4840 reperitur,
1332 4768 1425 4820 eodem
1443 4769 1572 4839 temporis
1588 4767 1733 4821 intervallo
1750 4786 1845 4823 nomeu
1863 4775 1969 4827 retinn-

742 4859 766 4911 it
790 4852 894 4909 'dinas-
913 4854 922 4929 (
930 4845 1010 4940 με)
1026 4856 1099 4927 plor.
1121 4838 1223 4937 533130,
1245 4871 1260 4905 a
1278 4870 1375 4927 graeco
1399 4848 1531 4925 δηνάριον
1549 4855 1707 4919 desa-tun)
1734 4860 1762 4907 et
1779 4858 1971 4913 natationibus

744 4960 829 5031 magis
848 4960 902 5013 init
919 4958 1070 5011 obnoxium.
1105 4955 1186 5023 Numi
1203 4958 1287 5025 aenei,
1311 4956 1357 5025 qui
1376 4955 1449 5025 apud
1464 4953 1574 5006 stratu
1591 4954 1662 5007 iuis
1687 4944 1770 5032 (ΨΒ
1786 4959 1858 5028 pisa.
1875 4948 1973 5037 WB)

744 5045 872 5107 andiunt,
890 5046 963 5115 apud
980 5061 1027 5096 nos
1044 5060 1104 5095 nuru
1111 5058 1191 5111 quam
1211 5041 1312 5096 inventi
1328 5046 1398 5092 sunt.

678 5138 728 5216 ot'
745 5140 889 5209 Cotinos
916 5172 962 5207 eos
989 5156 1069 5224 vulgo
1087 5153 1260 5224 appellante
1277 5150 1378 5204 litteris
1395 5148 1487 5202 sabeis
1509 5148 1581 5211 (urbi
1602 5150 1727 5200 iraesone
1743 5148 1864 5219 et-tt'ssoe
1881 5153 1971 5221 origi-

743 5257 802 5292 nem
813 5240 962 5293 debuerant
978 5249 1006 5292 et
1016 5244 1130 5304 nonen),
1151 5256 1218 5308 quae
1235 5239 1263 5289 in
1280 5236 1415 5288 bisnumis
1425 5234 1549 5287 continue
1567 5234 1782 5301 usurpet-utar,
1800 5238 1885 5291 donee
1901 5256 1970 5308 gen.

743 5334 783 5376 tes
813 5326 896 5378 Asiae
927 5325 1060 5377 barbarae
1089 5325 1230 5393 imperinm
1257 5320 1395 5375 Arabibns
1422 5320 1568 5389 eriperent,
1589 5324 1617 5369 et
1636 5320 1799 5387 scriptura·
1816 5323 1971 5393 vulgum,

748 5408 840 5460 uesbbi
855 5429 877 5463 s.
894 5410 1033 5465 librarian
1050 5419 1187 5481 vocatam,
1205 5410 1233 5461 in
1250 5412 1423 5461 monuments
1440 5406 1525 5457 omnis
1542 5403 1652 5475 generis
1671 5404 1838 5458 inducerent.

1813 5524 1841 5585 A
