5859 8009
1766 1485 1899 1546 1111111

659 1690 714 1749 tim
740 1684 783 1748 ab
808 1685 904 1748 initio
927 1684 1090 1772 comperi,
1121 1677 1279 1756 aliorum,
1315 1703 1400 1771 quae
1422 1684 1566 1756 inerant,
1593 1677 1825 1772 explicationes
1851 1687 1948 1748 nimir

659 1816 907 1908 perfunctoriae,
948 1819 1101 1882 scientiae
1138 1810 1357 1905 progredienti
1383 1814 1519 1878 rninirne
1544 1811 1740 1894 satisfacere3
1781 1821 1824 1886 cb
1850 1843 1949 1914 quam

659 1979 723 2026 rem
751 1953 918 2022 involucra
943 1973 1119 2020 nemorum
1157 1950 1259 2038 abjeci
1299 1961 1331 2016 et
1371 1953 1504 2042 proprio
1547 1961 1647 2015 marte
1674 1973 1787 2020 omnes
1812 1961 1947 2023 omnino

661 2115 743 2162 noro
777 2090 901 2176 subjeci
940 2093 1089 2156 examini.
1139 2087 1254 2178 Neque
1279 2083 1342 2151 hoe
1367 2109 1385 2149 a
1411 2107 1462 2151 me
1491 2097 1675 2178 arroganter
1703 2086 1828 2155 dictum
1854 2101 1950 2181 putet

661 2231 788 2324 aliquia.
840 2229 1048 2315 Quicumque
1069 2224 1313 2288 numismatieae
1335 2217 1483 2285 orientali
1507 2225 1652 2286 animum
1676 2221 1852 2289 attenderit
1875 2221 1951 2288 dili·

661 2372 855 2462 gentiorem,
880 2385 955 2430 eane
978 2359 1119 2434 ridebit,
1145 2359 1376 2448 experientiam
1402 2359 1436 2420 io
1462 2354 1522 2420 hac
1547 2379 1582 2420 re
1607 2363 1763 2447 optimam
1791 2382 1858 2426 ease
1882 2384 1950 2428 rua·

662 2511 794 2597 gintram
817 2497 1006 2588 multaeque
1028 2517 1078 2560 rea
1101 2493 1180 2559 huic
1205 2496 1307 2556 inesse
1333 2486 1540 2580 disciplinae,
1565 2513 1646 2582 quae
1668 2511 1733 2554 non
1764 2494 1826 2556 nisi
1858 2513 1951 2556 aecu-

662 2626 727 2704 nia
753 2636 895 2703 Orientis
933 2635 1075 2724 cognitio
1112 2625 1286 2718 explanare
1311 2626 1422 2716 possit.
1472 2625 1503 2691 ls
1534 2627 1632 2718 igitur
1657 2626 1775 2693 bonam
1801 2623 1951 2694 laudabit

664 2766 882 2842 voluntatem,
907 2766 1031 2830 etiarnsi
1058 2783 1095 2827 ea
1120 2783 1178 2852 epe
1202 2756 1368 2825 exciderit.

766 3033 862 3093 Anno
891 3024 988 3090 1846
1024 3024 1151 3113 regium
1176 3021 1412 3109 antiquitatum
1437 3041 1592 3084 museum
1613 3029 1645 3083 et
1671 3040 1747 3084 cum
1772 3040 1811 3085 eo
1835 3040 1952 3086 numo·

666 3161 856 3256 phylacium
881 3165 914 3225 in
939 3181 1037 3223 norea
1063 3153 1157 3222 aedes
1182 3151 1372 3221 translatum
1399 3166 1464 3241 est,
1490 3147 1522 3221 et
1545 3157 1588 3220 ita
1616 3153 1747 3221 demum
1774 3152 1951 3223 licuitthe·

664 3318 796 3366 caurum
829 3294 987 3370 culicum,
1025 3301 1063 3356 ut
1100 3286 1228 3365 decuit,
1265 3288 1446 3383 disponere.
1499 3292 1674 3382 Postquam
1703 3290 1851 3359 llolmiae
1877 3316 1953 3360 euro

667 3436 775 3503 denuo
802 3436 1073 3503 examinaveram,
1112 3424 1188 3517 plue
1229 3426 1329 3490 7000
1354 3446 1472 3490 numos
1490 3424 1557 3513 jam
1580 3426 1740 3493 collectos,
1759 3423 1846 3503 ridi,
1871 3449 1954 3520 quos

666 3576 699 3636 in
725 3567 842 3635 elasaea
872 3586 1037 3658 quemque
1061 3584 1153 3628 auam
1179 3557 1306 3652 redegi,
1345 3582 1498 3651 magnum
1529 3557 1687 3626 similium
1711 3583 1883 3650 numerum
1904 3585 1956 3628 re-

665 3706 774 3799 paravi
800 3713 834 3768 et
860 3711 1023 3791 separatos
1050 3701 1084 3762 in
1122 3693 1264 3762 indicem
1307 3689 1403 3757 retuli
1444 3698 1635 3784 proprium,
1672 3693 1850 3788 fragmenta
1884 3717 1951 3762 non

658 3840 784 3936 idonea
809 3849 843 3906 et
867 3832 1015 3925 exempla
1040 3831 1225 3899 oblitterata
1251 3838 1325 3924 igne
1350 3828 1516 3906 damnavi,
1548 3828 1692 3924 reliquos
1717 3853 1795 3897 vero
1819 3852 1955 3896 nurnero

668 3980 796 4043 circiter
824 3972 921 4038 1600
958 3975 991 4036 in
1026 3973 1162 4036 armario
1188 3965 1230 4033 ad
1256 3964 1292 4031 id
1316 3963 1401 4032 sacto
1428 3968 1489 4031 rite
1514 3963 1669 4034 collocavi
1699 3977 1731 4036 et
1756 3964 1956 4059 catalogum,

670 4137 773 4206 quem
797 4129 885 4176 nouo
914 4103 1026 4218 lectori
1052 4102 1211 4173 benevolo
1235 4098 1346 4180 trado,
1369 4122 1480 4193 parare
1505 4101 1621 4193 incepi.
