5859 8009
929 1471 930 1474 ’
1076 1456 1097 1516 l·

1028 1657 1067 1702 ex
1091 1635 1152 1703 bac
1179 1634 1268 1730 spud
1295 1657 1354 1706 uos
1378 1645 1539 1720 rarissima
1577 1633 1678 1705 classe
1712 1648 1801 1704 certo
1826 1663 1846 1706 e
1870 1643 2092 1709 nostratem
2118 1656 2199 1711 sunt
2221 1651 2319 1712 eruti,

1028 1775 1119 1848 Idem
1142 1777 1209 1844 lere
1234 1777 1321 1846 valet
1346 1774 1387 1842 de
1413 1774 1544 1870 aliquot
1566 1781 1671 1844 aureis
1695 1770 1921 1853 Fetemidicis,
1947 1782 2005 1870 qni
2032 1791 2158 1870 praeter
2183 1783 2319 1846 numum

1029 1937 1067 1980 ex
1089 1918 1206 1982 exteris
1231 1915 1417 2008 regionibus
1448 1913 1517 1980 huc
1552 1909 1634 1978 illati
1669 1922 1746 1975 sunt
1773 1933 1895 1978 omnes.
1923 1949 1969 1966 -
2001 1912 2040 2003 2)
2066 1913 2164 2007 Regia
2184 1919 2321 1982 nniver-

1028 2054 1104 2116 sites
1133 2045 1337 2118 bundensis
1363 2052 1412 2116 66
1436 2048 1582 2142 possidet
1605 2048 1788 2126 dissonos,
1813 2071 1957 2139 quornm
1982 2046 2116 2141 plurimi
2143 2055 2177 2116 in
2205 2049 2318 2131 &ania

1026 2194 1103 2251 snut
1127 2183 1255 2289 effossis
1298 2183 1338 2268 δ)
1364 2182 1565 2251 Bibliotheca
1588 2185 1679 2278 Regii
1705 2185 1869 2272 Gytnnasii
1901 2179 2153 2279 Wisbyensis,
2177 2206 2254 2250 curs
2279 2185 2321 2252 cl.
2436 2242 2439 2246 A

1028 2319 1186 2400 Jonsrtrts
1207 2321 1384 2398 Euenum,
1425 2321 1568 2388 hectoris
1600 2321 1812 2398 meritissimi,
1844 2323 1920 2384 circ,
1943 2319 1993 2384 90
2017 2317 2115 2388 babet
2137 2320 2319 2398 dirbemos,

1029 2465 1062 2524 in
1089 2452 1288 2523 Gothlandia
1314 2458 1478 2535 inventos,
1504 2457 1626 2549 quibus
1650 2456 1784 2550 plurimi
1811 2457 1923 2522 insunt
1941 2458 2110 2536 rarissimi,
2130 2462 2196 2525 imo
2219 2460 2318 2523 unici.

1028 2592 1067 2686 1)
1094 2593 1177 2684 ling.
1206 2591 1286 2658 Cen.
1312 2589 1384 2656 lon.
1408 2593 1582 2669 Bessus,
1607 2591 1738 2686 Collega
1767 2591 1898 2660 scholae
1930 2594 2137 2678 wisbyensis,
2174 2590 2240 2659 lere
2269 2594 2318 2658 60

1028 2731 1161 2825 collegit
1190 2729 1374 2805 diabolares,
1414 2732 1589 2820 praecipue
1613 2726 1851 2805 Samsnidicos,
1879 2748 1993 2793 omnes
2018 2726 2155 2796 diversis
2179 2729 2260 2797 locis
2286 2735 2319 2797 io

1027 2881 1111 2934 terre
1145 2859 1362 2930 Gothlsndise
1399 2873 1554 2952 repertos.
1605 2861 1735 2929 Adsunt
1760 2875 1921 2956 praeterea
1948 2857 1982 2926 ln
2009 2869 2106 2930 variis
2130 2862 2319 2949 Gymnesio-

1027 3025 1101 3070 rum
1128 2999 1336 3068 bibliothecis
1361 3011 1393 3066 et
1419 2996 1507 3088 apud
1534 2997 1683 3064 homines
1708 3005 1851 3090 privatos
1874 2995 2071 3089 exemplaris
2095 2997 2317 3067 dirbemorum

1028 3139 1162 3203 minoris
1189 3135 1365 3212 momenti,
1387 3155 1490 3224 quae,
1515 3136 1542 3198 si
1574 3130 1722 3202 nondum
1751 3138 1831 3204 mihi
1857 3141 1986 3231 cognita
2007 3147 2102 3213 sunt,
2123 3158 2238 3228 perum
2265 3159 2318 3200 vs-

1028 3272 1096 3340 lent
1125 3270 1166 3336 ad
1187 3293 1239 3336 eus
1277 3265 1449 3334 mutandas
1486 3268 1740 3350 observationes,
1779 3296 1859 3365 ques
1892 3297 1930 3338 er
1959 3270 2212 3339 collectionibus
2237 3271 2317 3336 mibi

1027 3413 1130 3483 notis,
1156 3417 1189 3472 et
1215 3427 1282 3495 que
1306 3402 1371 3470 fide
1393 3409 1506 3497 potui,
1532 3427 1549 3468 s
1576 3425 1629 3471 me
1653 3412 1842 3475 examinatis
1874 3408 2037 3476 desumtss
2059 3408 2126 3494 jem
2153 3411 2187 3471 in
2211 3404 2319 3474 medie

1028 3561 1219 3636 proponam.

1129 3755 1336 3841 Antequam
1372 3773 1447 3819 vero
1475 3754 1557 3820 hanc
1581 3777 1648 3827 rem
1676 3752 1864 3848 adgredior,
1897 3762 2026 3850 gratum
2055 3756 2235 3851 legentibus
2263 3761 2316 3825 ba-

1025 3895 1082 3958 bui
1107 3891 1274 3978 futurum,
1317 3896 1343 3957 si
1375 3889 1517 3957 indicem
1544 3894 1584 3956 iis
1609 3902 1683 3956 ante
1709 3889 1824 3957 oculos
1847 3915 1987 3983 posuero
2012 3915 2126 3960 eorum
2153 3892 2316 3961 dirbemo-

1026 4049 1118 4104 rum,
1146 4049 1229 4122 quos
1256 4027 1290 4091 in
1315 4029 1405 4118 regio
1431 4022 1683 4118 numophylscio
1713 4021 1824 4092 adhuc
1856 4023 2070 4103 desideratos,
2111 4032 2144 4092 in
2171 4025 2243 4094 aliis
2268 4031 2317 4094 in-

1024 4167 1096 4228 reni
1126 4160 1400 4238 collectionibus,
1425 4174 1463 4227 ut
1493 4164 1525 4226 in
1550 4159 1665 4228 endem
1693 4158 1767 4228 loeo
1806 4165 1947 4230 universi
1973 4160 2133 4249 ejusmodi
2157 4165 2223 4250 jam
2248 4167 2317 4230 noti

1025 4299 1166 4366 thesauri
1193 4294 1292 4364 simul
1319 4299 1534 4364 inveniantur.
1585 4296 1637 4379 hd
1670 4295 1785 4363 classes
1811 4294 1948 4388 catalogi
1976 4302 2115 4364 revocati
2156 4297 2190 4363 hi
2223 4312 2315 4364 sunt:
2365 4353 2373 4373 ,

1380 4525 1554 4602 Classis
1578 4527 1612 4600 Ι.
1670 4527 1953 4626 Usncjjcds'ei.

1129 4667 1165 4758 1)
1192 4666 1340 4732 Damasei
1358 4690 1442 4734 enno
1466 4668 1525 4733 82.
1554 4661 1636 4754 Ups.
1661 4665 1700 4742 lli
1725 4665 1869 4730 Damasei
1896 4688 1980 4732 anno
2007 4668 2066 4732 86.
2087 4660 2172 4760 Ups.
2199 4667 2313 4750 5JDa-

1026 4801 1189 4892 rabdjerdi
1217 4825 1302 4868 anno
1329 4801 1388 4868 90.
1420 4795 1504 4899 Ups.
1555 4803 1594 4886 1)
1621 4801 1659 4867 ln
1683 4800 1823 4867 Kerman
1849 4803 1884 4895 (i.
1908 4825 1935 4868 e.
1952 4798 2140 4894 el-Sirdjan)
2154 4821 2238 4866 anno
2253 4801 2312 4866 91.

913 5015 919 5028 .,
1026 4933 1109 5034 Ups.
1166 4937 1202 5033 5)
1230 4934 1440 5024 Darsbdjerdi
1465 4959 1550 5002 anno
1575 4935 1635 5002 92.
1662 4931 1746 5022 Ups.
1799 4935 1837 5030 6)
1866 4938 2009 5002 Damasci
2037 4957 2121 5002 anno
2138 4937 2198 5002 99.
2230 4931 2314 5032 Ups.

1026 5075 1066 5155 7]
1093 5059 1238 5140 Damasci
1266 5095 1350 5140 anno
1376 5073 1457 5140 105.
1486 5067 1570 5167 Ups.
1621 5071 1660 5155 8)
1684 5072 1721 5137 ln
1742 5071 1936 5140 el-hndelus
1950 5081 1986 5154 (i.
2003 5097 2030 5138 e.
2048 5070 2212 5153 Corduba)
2228 5093 2312 5136 suno

1027 5207 1108 5272 107.
1136 5202 1220 5304 Upr.
1262 5209 1301 5290 9)
1327 5209 1364 5274 ln
1391 5207 1498 5274 Wasit
1523 5229 1607 5272 anno
1635 5208 1717 5273 118.
1744 5200 1828 5303 Ups.
1867 5207 1930 5288 10)
1957 5208 1993 5272 ln
2007 5205 2113 5273 Wasit
2128 5226 2212 5272 anno
2229 5207 2312 5272 127.

1025 5337 1109 5436 Ups.
1150 5341 1213 5434 11)
1239 5344 1277 5450 ln
1304 5342 1501 5412 el·Andelus
1527 5367 1612 5413 anuo
1639 5342 1722 5410 130.
1751 5337 1834 5434 Ups.
1867 5345 1927 5429 ts)
1951 5343 1988 5410 ln
2011 5343 2113 5414 hlerw
2128 5365 2214 5410 anno
2229 5343 2311 5408 132.
2434 5300 2438 5320 ι

1028 5473 1261 5572 Wisbyensis.
