5859 8009
1042 1472 1097 1522 inv

995 1692 1030 1739 na
1057 1696 1083 1737 a.
1110 1670 1183 1736 250
1209 1670 1367 1759 angenoit3
1408 1683 1495 1729 anno
1515 1666 1605 1729 >enim
1635 1664 1709 1731 218
1740 1672 1894 1732 eueorum
1931 1670 2044 1758 uiginti
2079 1678 2164 1740 trea,
2202 1667 2277 1735 282

992 1804 1122 1901 triginla
1147 1802 1356 1878 trenetssiid
1381 1799 1595 1892 quadraginta
1620 1801 1875 1890 quinquenumi
1893 1812 2124 1890 apparuerunt.
2174 1801 2276 1876 Tum,

991 1946 1024 2012 id
1051 1940 1144 2037 quod
1167 1936 1411 2004 admirationem
1435 1944 1563 1999 moveat
1580 1954 1710 1999 ueoeaae
1730 1946 1792 2010 est,
1816 1958 1899 2001 noua
1921 1937 2058 2003 recurrit
2081 1936 2275 2013 diminutio,

989 2103 1095 2174 usque
1120 2076 1161 2143 ad
1190 2094 1311 2140 annum
1334 2070 1406 2139 281
1422 2074 1603 2160 pertinens,
1628 2092 1714 2159 qnae
1732 2069 1813 2135 adeo
1839 2069 2006 2148 invaluit,
2020 2083 2058 2136 ut
2078 2094 2183 2137 annua
2197 2072 2273 2139 271

990 2226 1023 2284 in
1052 2218 1118 2283 uno
1145 2220 1271 2277 tantum
1309 2207 1505 2271 numismate
1523 2206 1732 2272 inveniretur.
1795 2210 1839 2270 Ar
1879 2203 2156 2296 quemadmodum
2193 2209 2275 2272 ratio

989 2380 1006 2419 a
1033 2352 1126 2417 nobia
1151 2352 1230 2413 inita
1251 2350 1285 2409 in
1309 2364 1424 2435 genere
1450 2362 1565 2431 parum
1587 2337 1648 2403 eibi
1674 2350 1820 2413 constal,
1851 2344 1898 2404 aio
1917 2338 1976 2406 bae
2008 2343 2041 2403 in
2076 2361 2111 2405 re
2141 2361 2275 2431 quoque

983 2492 1069 2571 mire
1099 2484 1244 2549 fluctuat.
1296 2476 1378 2542 Nam
1412 2474 1489 2539 anni
1515 2472 1590 2540 287
1616 2484 1650 2537 et
1674 2473 1766 2548 277,
1806 2474 1863 2564 qui
1890 2478 2062 2566 praecipue
2100 2476 2133 2539 in
2166 2478 2274 2541 numia

988 2623 1182 2694 Armenicis,
1211 2636 1296 2680 anno
1320 2610 1419 2677 1818
1445 2615 1478 2675 in
1502 2595 1641 2675 blendia
1673 2611 1809 2699 repertio
1840 2608 1921 2700 laid.
1947 2633 2020 2702 pag.
2041 2628 2127 2674 xxiv
2150 2632 2181 2674 n.
2208 2607 2273 2697 81)

987 2764 1130 2831 exstant,
1164 2748 1221 2816 ille
1245 2759 1376 2815 eentum
1399 2758 1431 2811 et
1458 2754 1615 2835 quatuor,
1640 2744 1695 2810 bio
1716 2748 1830 2836 viginti
1857 2742 1941 2810 duoa
1965 2746 2061 2812 nobie
2086 2745 2178 2812 dedit
2207 2743 2274 2811 dir·

986 2888 1108 2951 nemos.
1159 2882 1315 2960 Quamvis
1340 2884 1450 2970 itaque
1477 2878 1519 2942 ab
1541 2899 1626 2944 anno
1650 2874 1794 2969 denique
1816 2878 1889 2943 281
1917 2902 2030 2945 eorum
2059 2889 2273 2949 numeruaiu·

986 3026 1099 3091 Sueeia
1132 3023 1234 3110 major
1262 3033 1413 3113 appareat
1442 3032 1475 3085 et
1505 3017 1643 3113 ningulia
1675 3024 1767 3085 annia
1793 3018 2011 3109 frequentior,
2051 3029 2140 3083 certo
2165 3030 2272 3083 tamen

986 3158 1104 3221 certius
1127 3162 1266 3217 statuere
1289 3149 1490 3240 poaaenobia
1510 3148 1677 3227 videmur,
1702 3154 1953 3224 oommeroiutn,
1978 3148 2070 3239 quod
2094 3154 2176 3215 inter
2197 3151 2272 3216 0ri-

986 3298 1091 3353 entem
1117 3300 1150 3353 et
1176 3288 1433 3379 Septentrionem
1458 3285 1693 3363 intercedebat,
1716 3289 1782 3375 jam
1819 3294 1894 3353 anni
1923 3290 1997 3353 287
2024 3291 2169 3379 vegetiua
2200 3287 2269 3356 iieri

988 3430 1154 3517 ineepiaae.
1219 3424 1390 3491 blaxianaru
1424 3420 1544 3489 deinde
1578 3443 1753 3487 numorurn
1787 3427 1914 3513 copiam
1940 3424 1974 3489 bi
2007 3428 2083 3489 anni
2114 3437 2273 3491 monstra-

984 3575 1077 3627 nant:
1103 3562 1178 3628 287
1198 3566 1527 3655 nonagintanovem,
1552 3558 1628 3625 288
1647 3564 1824 3651 nonaginta
1846 3573 2010 3651 quatuor,
2037 3563 2112 3629 298
2138 3574 2268 3629 eentum
2362 3632 2367 3639 ,

984 3712 1016 3765 et
1046 3722 1118 3774 aea,
1146 3698 1220 3764 888
1247 3712 1381 3765 centum
1403 3711 1435 3765 et
1459 3696 1710 3792 sedenim-,501
1736 3703 1900 3792 octoginta
1936 3712 1970 3766 et
1993 3702 2068 3769 582
2094 3709 2269 3795 nonaginta

982 3858 1048 3902 aex.
1101 3833 1152 3899 Ab
1185 3850 1270 3897 anno
1294 3829 1370 3895 511
1403 3829 1510 3919 (866,
1548 3828 1604 3917 d),
1641 3835 1700 3921 qui
1736 3828 1849 3897 decem
1873 3829 1973 3898 modo
2002 3832 2098 3898 nobis
2121 3827 2275 3924 praebuit

983 3972 1166 4045 dirlaemoe,
1196 3972 1215 4031 ii
1243 3970 1343 4057 magis
1369 3972 1536 4059 magisque
1560 3968 1772 4048 decrescunt,
1808 3996 1867 4039 nee
1898 3977 1958 4039 niai
1985 3978 2140 4063 apamim,
2179 3966 2269 4035 baud

981 4131 1053 4175 raro
1081 4102 1253 4171 intervallo
1279 4107 1432 4195 temporis
1455 4105 1603 4198 longiore
1615 4112 1798 4196 interjecto,
1821 4109 1939 4201 singuli
1968 4086 2140 4202 apparent,
2163 4107 2269 4175 donee

980 4272 1054 4315 euru
1081 4270 1165 4315 anno
1192 4247 1263 4312 181
1295 4248 1422 4329 (1818,
1455 4249 1491 4330 li
1515 4246 1612 4338 plane
1636 4241 1816 4313 desinanb¹

1081 4394 1227 4484 Spatium
1254 4392 1353 4483 igitur
1378 4413 1554 4465 annorum,
1581 4393 1707 4483 quibua
1728 4394 1867 4482 pecunia
1891 4386 2032 4453 Orientis
2057 4388 2090 4446 in
2118 4382 2265 4447 Sueoiam

978 4536 1020 4595 ait
1047 4537 1188 4608 invecta,
1213 4536 1238 4597 ai
1267 4556 1303 4596 ex
1331 4530 1386 4596 illa
1412 4535 1644 4622 supputatione
1681 4526 1876 4594 concludere
1914 4521 1962 4585 lae
1989 4531 2053 4593 eat,
2088 4518 2135 4580 75
2166 4515 2265 4580 modo

978 4694 1078 4736 annos
1102 4668 1364 4762 comprehendit,
1388 4669 1427 4733 ab
1453 4690 1538 4733 anno
1568 4666 1641 4733 888
1671 4665 1712 4730 ad
1735 4687 1856 4730 annum
1883 4662 1956 4726 855
1992 4671 2065 4750 post
2099 4658 2264 4725 Christum

976 4814 1086 4866 natum
1115 4813 1311 4866 numeratos.

1078 4986 1298 5071 Dynastiae
1331 4984 1713 5065 Muhammedanae,
1752 4988 1873 5078 quibus
1906 4991 1996 5052 numi
2031 4987 2132 5053 nostri
2165 4986 2277 5082 origi-⁴

975 5146 1049 5189 nem
1091 5122 1227 5199 debent,
1265 5146 1423 5188 summam
1449 5123 1528 5187 XX}
1552 5124 1618 5210 jam
1655 5128 1837 5216 attingunt,
1877 5150 1961 5216 quae
1993 5126 2125 5195 sortasse
2152 5127 2263 5198 dubiis

973 5251 1172 5343 quibusdam
1200 5250 1455 5342 augeripoteat.²
1507 5250 1532 5316 l.
1559 5250 1752 5317 unissima
1777 5252 2001 5330 Ontmtraem,
2030 5259 2089 5345 qui
2115 5255 2260 5326 Damasci

975 5449 1005 5509 1)
1023 5428 1055 5498 ln
1073 5445 1121 5497 bae
1140 5449 1336 5515 computatione
1353 5450 1467 5509 aimiler,
1487 5464 1554 5516 quoa
1572 5457 1684 5507 adeant,
1703 5466 1795 5500 nunna
1814 5451 1891 5500 ainaul
1909 5455 2090 5506 adarumeravi.

972 5562 1004 5629 2)
1041 5562 1137 5630 Qualia
1155 5569 1196 5611 eat
1214 5562 1257 5614 (il.
1276 5562 1308 5613 11
1326 5580 1417 5615 nurum
1442 5560 1505 5614 198
1521 5562 1609 5615 «inauli
1628 5549 1826 5633 ibn-wedjtt,
1844 5568 1890 5633 qui
1909 5565 2031 5618 (immani
2044 5569 2173 5635 dyuarta,
2194 5582 2261 5617 ron-

1037 5656 1079 5698 tra
1097 5647 1224 5701 kbaliiana
1243 5649 1391 5729 rebellavit.
