5859 8009
1877 1510 1933 1559 ΠΙ

790 1690 980 1761 deuteros,
1018 1686 1145 1753 arabice
1183 1684 1279 1755 Mirr
1288 1736 1303 1768 ,
1329 1688 1402 1781 post
1439 1685 1644 1783 ebbleghreb
1681 1711 1739 1782 per
1766 1688 1921 1759 ldrisidas
1949 1705 1982 1759 et

685 1818 828 1891 Africam
867 1846 926 1917 per
950 1821 1149 1916 Agblebidas
1173 1830 1310 1916 imperio
1332 1824 1513 1895 bisaliiatus
1536 1838 1679 1920 ereptas,
1713 1826 1772 1895 diu
1808 1826 1981 1897 Abbasidis

684 1964 812 2056 paruit,
843 1958 948 2029 donec
974 1958 1102 2031 shmed
1130 1959 1333 2041 ben-Tuluo,
1359 1984 1445 2029 anno
1469 1964 1545 2031 264
1568 1963 1676 2048 (867)
1706 1965 1981 2033 adiutem-bilia·

684 2096 727 2163 bo
751 2094 833 2163 buin
864 2098 1050 2185 provinciae
1072 2094 1269 2183 praefectus,
1295 2110 1407 2166 contra
1434 2095 1607 2165 dominum
1631 2094 1813 2167 rebellaret.
1864 2098 1902 2164 ln
1925 2122 1980 2165 sex

684 2233 857 2309 dirbemis,
883 2256 912 2299 a.
942 2232 1140 2301 tao-atto
1166 2238 1394 2325 (262-859)
1415 2240 1518 2316 cusis,
1541 2238 1620 2305 llisr
1641 2260 1702 2329 pro
1723 2238 1873 2320 Fostnt,
1901 2253 1981 2317 tunc
2050 2232 2053 2237 ’

683 2368 840 2455 temporis
868 2366 1041 2461 metropoli
1069 2340 1226 2463 regionis,
1254 2370 1348 2441 lucus
1371 2386 1507 2469 apparet
1530 2376 1713 2445 monetalis.

781 2630 966 2717 Antequam
993 2626 1070 2695 bino
1093 2634 1127 2697 iu
1156 2636 1264 2699 Asiam
1292 2632 1580 2726 transgrediamur,
1606 2660 1625 2703 e
1650 2660 1685 2701 re
1706 2640 1768 2703 erit
1791 2630 1977 2725 paullulum

681 2764 871 2844 subsistere,
898 2779 936 2833 ut
962 2774 1146 2861 quaestioni
1165 2747 1360 2866 sua'spoute
1383 2798 1451 2841 sese
1473 2774 1620 2841 offerenti
1634 2768 1883 2865 respondeatur,
1909 2786 1977 2856 quo

679 2893 778 2964 modo
803 2896 837 2963 bi
861 2905 952 2966 numi
981 2899 1114 2967 africani
1155 2905 1187 2968 iu
1214 2913 1313 2968 terras
1349 2906 1426 2968 suari
1458 2901 1605 2972 baltbieo
1629 2906 1750 2969 vicinas
1775 2898 1978 2965 accesserint·

679 3038 741 3105 Diu
772 3035 910 3130 quidem
946 3036 1027 3117 init,
1069 3061 1171 3133 quum
1208 3044 1267 3105 viri
1294 3037 1491 3117 doctissimi,
1521 3063 1576 3109 eos
1602 3038 1686 3107 male
1712 3044 1976 3129 interpretantes,

677 3193 807 3239 omnem
835 3169 998 3258 ejusmodi
1027 3184 1190 3239 monetam
1219 3176 1252 3237 in
1276 3171 1505 3264 Septentrione
1533 3174 1675 3239 inveneri
1703 3170 1921 3262 abnegarunt,
1941 3178 1975 3232 et

678 3302 748 3370 loca
771 3302 934 3381 indicata,
961 3326 1109 3395 perversa
1138 3306 1296 3368 sententia
1324 3306 1569 3394 praeoccupati,
1609 3302 1642 3366 iu
1666 3298 1775 3365 usiam
1802 3292 1974 3364 transferre

676 3439 794 3508 frustra
817 3439 1019 3509 laborarunt.
1073 3440 1115 3507 Ut
1138 3437 1261 3507 multos
1286 3437 1385 3517 alios,
1409 3440 1457 3505 sio
1479 3434 1539 3503 boa
1560 3455 1695 3528 quoque
1708 3452 1830 3499 errores
1844 3426 1975 3493 rasas-

675 3597 746 3649 ntus
772 3575 830 3645 ille
858 3575 1038 3667 dissipavit.
1090 3577 1134 3641 At
1158 3576 1307 3666 quaestio
1333 3569 1390 3637 illa
1416 3566 1565 3636 nondum
1591 3567 1633 3633 ad
1656 3586 1770 3632 omnes
1789 3573 1897 3655 partes
1920 3580 1972 3625 so-

675 3726 745 3793 luta
773 3721 852 3791 mibi
877 3726 944 3789 visa
967 3694 1043 3787 est.¹
1077 3718 1110 3785 Si
1133 3719 1271 3810 pecunia
1287 3714 1415 3793 isiae,
1452 3708 1487 3775 id
1514 3706 1604 3803 quod
1632 3704 1699 3774 sere
1721 3708 1868 3773 unanimi
1892 3724 1971 3768 con-

673 3881 768 3927 sensu
794 3858 835 3923 ab
861 3855 1013 3922 omnibus
1039 3874 1227 3919 concessum
1255 3847 1413 3927 vidimus,
1440 3860 1638 3916 mercaturae
1654 3870 1764 3915 cauma
1784 3844 1971 3914 exoriente

674 4005 707 4067 in
735 3997 883 4065 lirrssiam
915 3993 1172 4086 imponebatur,
1212 4001 1245 4058 et
1282 3989 1360 4057 binc
1393 3986 1434 4055 ad
1472 4000 1598 4057 nostras
1631 3987 1783 4055 veniebat
1806 3984 1967 4076 regionest
2031 3979 2035 3988 ’

673 4151 739 4196 non
763 4126 830 4195 lieri
857 4136 981 4218 potest,
1006 4135 1044 4191 ut
1068 4146 1108 4191 ex
1132 4120 1241 4189 Africa
1266 4124 1311 4189 ob
1337 4121 1474 4191 eandem
1494 4128 1652 4193 rationem
1675 4120 1741 4189 buc
1763 4125 1968 4213 immigrare·

673 4268 716 4328 rit
741 4269 921 4353 argentum.
973 4254 1077 4333 Nulla
1098 4254 1207 4323 adbuc
1235 4257 1379 4323 innotuit
1404 4260 1473 4333 ria,
1504 4277 1589 4347 quae
1612 4276 1650 4319 ex
1677 4249 1728 4317 bia
1749 4246 1871 4315 dissitis
1884 4249 1968 4338 regi-

671 4398 790 4465 onibus
812 4407 1004 4464 mercatores
1029 4408 1108 4463 tunc
1135 4393 1272 4461 duceret
1298 4398 1330 4460 in
1355 4394 1616 4487 Septentrionem
1640 4390 1772 4458 directa.
1798 4383 1966 4478 suspulis

671 4536 769 4624 igitur
781 4532 1013 4628 Wilringorum
1035 4532 1130 4601 multi
1144 4530 1381 4628 confugerunt,
1405 4554 1510 4623 quum
1525 4534 1613 4624 pacis
1627 4531 1756 4622 negotia
1770 4522 1893 4590 adrem
1909 4542 1965 4586 ex·

672 4664 856 4761 plicandam
892 4690 958 4737 non
984 4670 1174 4737 sufficerent.
1226 4676 1270 4736 At
1295 4676 1321 4736 si
1352 4674 1385 4736 in
1412 4666 1578 4735 dirbemos
1603 4691 1653 4734 ex.
1674 4688 1702 4731 c.
1728 4668 1763 4730 iu
1786 4645 1965 4729 Russiain·

670 4819 784 4877 reutoa
812 4806 903 4875 baec·
928 4808 1112 4897 conjectura
1136 4819 1223 4877 recte
1252 4807 1362 4887 eadat,
1391 4814 1424 4876 iu
1450 4820 1580 4875 nostros
1604 4827 1670 4874 noo
1695 4804 1781 4872 bene
1803 4796 1965 4895 quadrare

669 4937 809 5008 ridetur.
860 4938 894 5006 Si
921 4940 1037 5007 borum
1065 4950 1201 5007 aetatem
1229 4941 1372 5033 primum
1397 4943 1625 5032 respiciamus,
1648 4939 1865 5016 inveniemus,
1891 4960 1964 5006 om·

669 5098 725 5143 nes
751 5072 859 5145 multo
884 5086 958 5143 ants
984 5088 1133 5170 tempus,
1159 5097 1230 5167 quo
1252 5072 1398 5168 Wiiriugi
1429 5072 1542 5141 littora
1562 5071 1733 5141 Serblaudi
1757 5070 1963 5168 populaban-

667 5213 739 5282 tur,
764 5222 970 5281 muscosos,
996 5222 1107 5295 usque
1141 5200 1253 5269 adbuc
1278 5198 1366 5296 apud
1391 5222 1453 5269 nos
1477 5222 1596 5269 numos
1621 5204 1786 5282 inventos,
1829 5200 1962 5295 quibis

668 5330 932 5427 expeditionibus
955 5345 1061 5404 essem
1086 5332 1247 5430 aequales.
1272 5334 1433 5404 Desinunt
1457 5339 1545 5405 euim
1568 5356 1644 5404 cum
1666 5339 1805 5431 imperio
1823 5333 1961 5403 Abbasi-

669 5458 782 5533 darum
821 5470 856 5534 in
897 5464 949 5535 bis
986 5468 1080 5535 terris
1118 5462 1251 5535 sublato
1285 5466 1438 5559 (excipias
1467 5477 1576 5533 tan
1603 5485 1727 5559 paoem
1750 5460 1962 5557 idrisidicos).
