<?xml version="1.0" encoding="UTF-8"?>
<!DOCTYPE html PUBLIC "-//W3C//DTD XHTML 1.0 Transitional//EN"
    "http://www.w3.org/TR/xhtml1/DTD/xhtml1-transitional.dtd">
<html xmlns="http://www.w3.org/1999/xhtml" xml:lang="en" lang="en">
 <head>
  <title>
</title>
<meta http-equiv="Content-Type" content="text/html;charset=utf-8" />
  <meta name='ocr-system' content='tesseract 3.04.00' />
  <meta name='ocr-capabilities' content='ocr_page ocr_carea ocr_par ocr_line ocrx_word'/>
</head>
<body>
  <div class='ocr_page' id='page_1' title='image "./numicuficiregii00goog_0077.png"; bbox 0 0 5859 8009; ppageno 0'>
   <div class='ocr_carea' id='block_1_1' title="bbox 1871 1462 1939 1511">
    <p class='ocr_par' dir='ltr' id='par_1_1' title="bbox 1871 1462 1939 1511">
     <span class='ocr_line' id='line_1_1' title="bbox 1871 1462 1939 1511; baseline 0 0"><span class='ocrx_word' id='word_1_1' title='bbox 1871 1462 1939 1511; x_wconf 66' lang='grc' dir='ltr'>7.ῐῖ</span> 
     </span>
    </p>
   </div>
   <div class='ocr_carea' id='block_1_2' title="bbox 690 1600 1990 2425">
    <p class='ocr_par' dir='ltr' id='par_1_2' title="bbox 690 1600 1990 2425">
     <span class='ocr_line' id='line_1_2' title="bbox 693 1600 1990 1741; baseline -0.002 -25"><span class='ocrx_word' id='word_1_2' title='bbox 693 1648 841 1737; x_wconf 79' lang='lat' dir='ltr'>potieris,</span> <span class='ocrx_word' id='word_1_3' title='bbox 869 1648 1008 1739; x_wconf 83' lang='lat' dir='ltr'>primam</span> <span class='ocrx_word' id='word_1_4' title='bbox 1041 1644 1155 1715; x_wconf 86' lang='lat' dir='ltr'>urbem</span> <span class='ocrx_word' id='word_1_5' title='bbox 1190 1637 1352 1741; x_wconf 85' lang='lat' dir='ltr'>Berqoid</span> <span class='ocrx_word' id='word_1_6' title='bbox 1374 1600 1523 1737; x_wconf 69' lang='lat' dir='ltr'>attinges.</span> <span class='ocrx_word' id='word_1_7' title='bbox 1573 1640 1646 1711; x_wconf 81' lang='lat' dir='ltr'>lino</span> <span class='ocrx_word' id='word_1_8' title='bbox 1680 1638 1780 1708; x_wconf 86' lang='lat' dir='ltr'>modo</span> <span class='ocrx_word' id='word_1_9' title='bbox 1810 1642 1990 1713; x_wconf 86' lang='lat' dir='ltr'>omnibu·</span> 
     </span>
     <span class='ocr_line' id='line_1_3' title="bbox 692 1778 1989 1878; baseline -0.002 -25"><span class='ocrx_word' id='word_1_10' title='bbox 692 1782 857 1873; x_wconf 75' lang='lat' dir='ltr'>mejbidioi</span> <span class='ocrx_word' id='word_1_11' title='bbox 884 1785 1053 1863; x_wconf 73' lang='lat' dir='ltr'>rarissimi,</span> <span class='ocrx_word' id='word_1_12' title='bbox 1079 1784 1133 1851; x_wconf 88' lang='lat' dir='ltr'>bio</span> <span class='ocrx_word' id='word_1_13' title='bbox 1158 1808 1186 1851; x_wconf 90' lang='lat' dir='ltr'>a.</span> <span class='ocrx_word' id='word_1_14' title='bbox 1210 1783 1287 1851; x_wconf 98' lang='grc'>587</span> <span class='ocrx_word' id='word_1_15' title='bbox 1312 1780 1414 1878; x_wconf 91' lang='grc'><strong>(807)</strong></span> <span class='ocrx_word' id='word_1_16' title='bbox 1444 1793 1478 1849; x_wconf 92' lang='lat' dir='ltr'>et</span> <span class='ocrx_word' id='word_1_17' title='bbox 1505 1780 1788 1873; x_wconf 81' lang='grc'>101·(1010,1)</span> <span class='ocrx_word' id='word_1_18' title='bbox 1821 1778 1989 1861; x_wconf 75' lang='lat' dir='ltr'>fabricati,</span> 
     </span>
     <span class='ocr_line' id='line_1_4' title="bbox 694 1915 1989 2017; baseline -0.003 -28"><span class='ocrx_word' id='word_1_19' title='bbox 694 1929 726 1989; x_wconf 88' lang='lat' dir='ltr'>io</span> <span class='ocrx_word' id='word_1_20' title='bbox 751 1923 866 1991; x_wconf 79' lang='lat' dir='ltr'>Suesia</span> <span class='ocrx_word' id='word_1_21' title='bbox 898 1926 1018 2017; x_wconf 83' lang='lat' dir='ltr'>reperti</span> <span class='ocrx_word' id='word_1_22' title='bbox 1044 1934 1131 1993; x_wconf 77' lang='lat' dir='ltr'>suut.</span> <span class='ocrx_word' id='word_1_23' title='bbox 1181 1920 1407 2017; x_wconf 86' lang='lat' dir='ltr'>Septendeoim</span> <span class='ocrx_word' id='word_1_24' title='bbox 1446 1939 1636 2013; x_wconf 81' lang='lat' dir='ltr'>parasangas</span> <span class='ocrx_word' id='word_1_25' title='bbox 1667 1915 1802 1983; x_wconf 75' lang='lat' dir='ltr'>iuferius</span> <span class='ocrx_word' id='word_1_26' title='bbox 1834 1916 1913 1983; x_wconf 87' lang='lat' dir='ltr'>urbs</span> <span class='ocrx_word' id='word_1_27' title='bbox 1937 1919 1989 1985; x_wconf 83' lang='lat' dir='ltr'>el·</span> 
     </span>
     <span class='ocr_line' id='line_1_5' title="bbox 696 2049 1988 2148; baseline -0.009 -17"><span class='ocrx_word' id='word_1_28' title='bbox 696 2063 845 2131; x_wconf 82' lang='lat' dir='ltr'>Mowsr&#39;l</span> <span class='ocrx_word' id='word_1_29' title='bbox 875 2060 1068 2141; x_wconf 78' lang='lat' dir='ltr'>clarissima,</span> <span class='ocrx_word' id='word_1_30' title='bbox 1093 2064 1195 2129; x_wconf 87' lang='lat' dir='ltr'>totins</span> <span class='ocrx_word' id='word_1_31' title='bbox 1220 2056 1412 2147; x_wconf 81' lang='lat' dir='ltr'>ul·lljezirae</span> <span class='ocrx_word' id='word_1_32' title='bbox 1445 2049 1653 2147; x_wconf 86' lang='lat' dir='ltr'>metropolis,</span> <span class='ocrx_word' id='word_1_33' title='bbox 1684 2050 1724 2119; x_wconf 85' lang='lat' dir='ltr'>sd</span> <span class='ocrx_word' id='word_1_34' title='bbox 1756 2054 1860 2146; x_wconf 91' lang='lat' dir='ltr'>ripam</span> <span class='ocrx_word' id='word_1_35' title='bbox 1885 2055 1988 2148; x_wconf 78' lang='lat' dir='ltr'>Tigu·-</span> 
     </span>
     <span class='ocr_line' id='line_1_6' title="bbox 691 2191 1986 2289; baseline 0 -28"><span class='ocrx_word' id='word_1_36' title='bbox 691 2192 742 2263; x_wconf 85' lang='lat' dir='ltr'>dis</span> <span class='ocrx_word' id='word_1_37' title='bbox 768 2194 1004 2265; x_wconf 85' lang='lat' dir='ltr'>oooideutalem</span> <span class='ocrx_word' id='word_1_38' title='bbox 1028 2198 1090 2263; x_wconf 88' lang='lat' dir='ltr'>sita</span> <span class='ocrx_word' id='word_1_39' title='bbox 1107 2206 1172 2273; x_wconf 84' lang='lat' dir='ltr'>est,</span> <span class='ocrx_word' id='word_1_40' title='bbox 1202 2220 1241 2265; x_wconf 82' lang='lat' dir='ltr'>ex</span> <span class='ocrx_word' id='word_1_41' title='bbox 1254 2218 1320 2289; x_wconf 76' lang='lat' dir='ltr'>qua</span> <span class='ocrx_word' id='word_1_42' title='bbox 1338 2197 1383 2264; x_wconf 81' lang='grc'>18</span> <span class='ocrx_word' id='word_1_43' title='bbox 1398 2194 1537 2263; x_wconf 88' lang='lat' dir='ltr'>dirbemi</span> <span class='ocrx_word' id='word_1_44' title='bbox 1551 2191 1747 2273; x_wconf 85' lang='lat' dir='ltr'>sbbasidioi,</span> <span class='ocrx_word' id='word_1_45' title='bbox 1766 2191 1986 2261; x_wconf 86' lang='lat' dir='ltr'>hamdanidiui</span> 
     </span>
     <span class='ocr_line' id='line_1_7' title="bbox 690 2324 1986 2425; baseline -0.009 -25"><span class='ocrx_word' id='word_1_46' title='bbox 690 2335 724 2400; x_wconf 79' lang='lat' dir='ltr'>e&#39;t</span> <span class='ocrx_word' id='word_1_47' title='bbox 748 2330 934 2425; x_wconf 83' lang='lat' dir='ltr'>oqailidioi,</span> <span class='ocrx_word' id='word_1_48' title='bbox 955 2357 984 2399; x_wconf 89' lang='lat' dir='ltr'>a.</span> <span class='ocrx_word' id='word_1_49' title='bbox 1010 2330 1212 2399; x_wconf 80' lang='grc'><strong>881-505</strong></span> <span class='ocrx_word' id='word_1_50' title='bbox 1234 2331 1495 2411; x_wconf 82' lang='grc'><strong>(805-1005)</strong></span> <span class='ocrx_word' id='word_1_51' title='bbox 1509 2333 1595 2407; x_wconf 87' lang='lat' dir='ltr'>ensi,</span> <span class='ocrx_word' id='word_1_52' title='bbox 1621 2324 1662 2395; x_wconf 86' lang='lat' dir='ltr'>ad</span> <span class='ocrx_word' id='word_1_53' title='bbox 1685 2347 1745 2393; x_wconf 85' lang='lat' dir='ltr'>uos</span> <span class='ocrx_word' id='word_1_54' title='bbox 1762 2334 1986 2418; x_wconf 81' lang='lat' dir='ltr'>pervenerunt.</span> 
     </span>
    </p>
   </div>
   <div class='ocr_carea' id='block_1_3' title="bbox 687 2538 2043 4844">
    <p class='ocr_par' dir='ltr' id='par_1_3' title="bbox 687 2538 2043 4844">
     <span class='ocr_line' id='line_1_8' title="bbox 792 2538 1987 2656; baseline -0.003 -17"><span class='ocrx_word' id='word_1_55' title='bbox 792 2538 961 2639; x_wconf 82' lang='lat' dir='ltr'>Provincia</span> <span class='ocrx_word' id='word_1_56' title='bbox 987 2571 1055 2641; x_wconf 81' lang='lat' dir='ltr'>sera</span> <span class='ocrx_word' id='word_1_57' title='bbox 1079 2575 1225 2639; x_wconf 87' lang='lat' dir='ltr'>omnium</span> <span class='ocrx_word' id='word_1_58' title='bbox 1245 2568 1463 2647; x_wconf 84' lang='lat' dir='ltr'>nobilissima,</span> <span class='ocrx_word' id='word_1_59' title='bbox 1489 2566 1681 2656; x_wconf 80' lang='lat' dir='ltr'>el·l)jezirae</span> <span class='ocrx_word' id='word_1_60' title='bbox 1703 2567 1746 2634; x_wconf 91' lang='lat' dir='ltr'>ab</span> <span class='ocrx_word' id='word_1_61' title='bbox 1769 2578 1880 2633; x_wconf 88' lang='lat' dir='ltr'>austro</span> <span class='ocrx_word' id='word_1_62' title='bbox 1903 2570 1987 2635; x_wconf 88' lang='lat' dir='ltr'>iuter</span> 
     </span>
     <span class='ocr_line' id='line_1_9' title="bbox 692 2698 1984 2797; baseline 0.004 -31"><span class='ocrx_word' id='word_1_63' title='bbox 692 2699 761 2779; x_wconf 81' lang='lat' dir='ltr'>duo</span> <span class='ocrx_word' id='word_1_64' title='bbox 786 2702 921 2791; x_wconf 82' lang='lat' dir='ltr'>flumina</span> <span class='ocrx_word' id='word_1_65' title='bbox 947 2706 1024 2778; x_wconf 88' lang='lat' dir='ltr'>sita,</span> <span class='ocrx_word' id='word_1_66' title='bbox 1053 2704 1313 2781; x_wconf 63' lang='lat' dir='ltr'>lusum-Anam</span> <span class='ocrx_word' id='word_1_67' title='bbox 1340 2707 1360 2771; x_wconf 89' lang='lat' dir='ltr'>i.</span> <span class='ocrx_word' id='word_1_68' title='bbox 1386 2728 1415 2772; x_wconf 86' lang='lat' dir='ltr'>e.</span> <span class='ocrx_word' id='word_1_69' title='bbox 1440 2700 1551 2773; x_wconf 83' lang='lat' dir='ltr'>Irocu</span> <span class='ocrx_word' id='word_1_70' title='bbox 1576 2698 1724 2773; x_wconf 78' lang='lat' dir='ltr'>ambico</span> <span class='ocrx_word' id='word_1_71' title='bbox 1751 2701 1913 2797; x_wconf 83' lang='lat' dir='ltr'>appellata</span> <span class='ocrx_word' id='word_1_72' title='bbox 1926 2714 1984 2771; x_wconf 79' lang='lat' dir='ltr'>eat</span> 
     </span>
     <span class='ocr_line' id='line_1_10' title="bbox 692 2832 1985 2937; baseline 0.008 -36"><span class='ocrx_word' id='word_1_73' title='bbox 692 2834 766 2901; x_wconf 88' lang='lat' dir='ltr'>Post</span> <span class='ocrx_word' id='word_1_74' title='bbox 789 2832 961 2903; x_wconf 85' lang='lat' dir='ltr'>conditum</span> <span class='ocrx_word' id='word_1_75' title='bbox 1003 2836 1215 2931; x_wconf 83' lang='lat' dir='ltr'>Bagbdrdum</span> <span class='ocrx_word' id='word_1_76' title='bbox 1254 2844 1431 2909; x_wconf 85' lang='lat' dir='ltr'>maximum</span> <span class='ocrx_word' id='word_1_77' title='bbox 1462 2846 1570 2935; x_wconf 82' lang='lat' dir='ltr'>attigit</span> <span class='ocrx_word' id='word_1_78' title='bbox 1594 2841 1783 2937; x_wconf 79' lang='lat' dir='ltr'>opulentiae</span> <span class='ocrx_word' id='word_1_79' title='bbox 1808 2840 1985 2933; x_wconf 77' lang='lat' dir='ltr'>uultusque</span> 
     </span>
     <span class='ocr_line' id='line_1_11' title="bbox 691 2963 1985 3069; baseline 0.007 -38"><span class='ocrx_word' id='word_1_80' title='bbox 691 2963 839 3033; x_wconf 83' lang='lat' dir='ltr'>eulmen:</span> <span class='ocrx_word' id='word_1_81' title='bbox 867 2970 1004 3039; x_wconf 80' lang='lat' dir='ltr'>urbibus</span> <span class='ocrx_word' id='word_1_82' title='bbox 1031 2974 1200 3063; x_wconf 83' lang='lat' dir='ltr'>tegebatur</span> <span class='ocrx_word' id='word_1_83' title='bbox 1224 2973 1423 3069; x_wconf 72' lang='lat' dir='ltr'>splendidis,</span> <span class='ocrx_word' id='word_1_84' title='bbox 1449 2974 1576 3043; x_wconf 81' lang='lat' dir='ltr'>nauales</span> <span class='ocrx_word' id='word_1_85' title='bbox 1590 2980 1778 3045; x_wconf 75' lang='lat' dir='ltr'>innumerae</span> <span class='ocrx_word' id='word_1_86' title='bbox 1792 2975 1901 3044; x_wconf 87' lang='lat' dir='ltr'>solum</span> <span class='ocrx_word' id='word_1_87' title='bbox 1916 2975 1985 3063; x_wconf 89' lang='lat' dir='ltr'>ajua</span> 
     </span>
     <span class='ocr_line' id='line_1_12' title="bbox 689 3105 1982 3207; baseline 0.008 -34"><span class='ocrx_word' id='word_1_88' title='bbox 689 3106 912 3198; x_wconf 79' lang='lat' dir='ltr'>permeabant,</span> <span class='ocrx_word' id='word_1_89' title='bbox 957 3120 989 3173; x_wconf 88' lang='lat' dir='ltr'>et</span> <span class='ocrx_word' id='word_1_90' title='bbox 1034 3105 1216 3203; x_wconf 79' lang='lat' dir='ltr'>frequentia</span> <span class='ocrx_word' id='word_1_91' title='bbox 1264 3105 1435 3181; x_wconf 82' lang='lat' dir='ltr'>bominum</span> <span class='ocrx_word' id='word_1_92' title='bbox 1475 3136 1640 3207; x_wconf 84' lang='lat' dir='ltr'>nosquam</span> <span class='ocrx_word' id='word_1_93' title='bbox 1674 3114 1755 3185; x_wconf 79' lang='lat' dir='ltr'>alias</span> <span class='ocrx_word' id='word_1_94' title='bbox 1778 3128 1869 3183; x_wconf 85' lang='lat' dir='ltr'>tanta</span> <span class='ocrx_word' id='word_1_95' title='bbox 1904 3129 1982 3184; x_wconf 83' lang='lat' dir='ltr'>erat</span> 
     </span>
     <span class='ocr_line' id='line_1_13' title="bbox 690 3240 1984 3349; baseline 0.01 -39"><span class='ocrx_word' id='word_1_96' title='bbox 690 3240 894 3333; x_wconf 77' lang='lat' dir='ltr'>Abu-Djasar</span> <span class='ocrx_word' id='word_1_97' title='bbox 931 3240 1129 3323; x_wconf 71' lang='lat' dir='ltr'>ebblausur,</span> <span class='ocrx_word' id='word_1_98' title='bbox 1168 3244 1290 3331; x_wconf 74' lang='lat' dir='ltr'>libalil&#39;a</span> <span class='ocrx_word' id='word_1_99' title='bbox 1331 3249 1495 3319; x_wconf 77' lang='lat' dir='ltr'>Abbasida</span> <span class='ocrx_word' id='word_1_100' title='bbox 1531 3252 1597 3319; x_wconf 89' lang='lat' dir='ltr'>buo</span> <span class='ocrx_word' id='word_1_101' title='bbox 1633 3252 1675 3321; x_wconf 91' lang='lat' dir='ltr'>ad</span> <span class='ocrx_word' id='word_1_102' title='bbox 1700 3259 1804 3348; x_wconf 82' lang='lat' dir='ltr'>ripam</span> <span class='ocrx_word' id='word_1_103' title='bbox 1845 3254 1984 3349; x_wconf 77' lang='lat' dir='ltr'>Tigridis</span> 
     </span>
     <span class='ocr_line' id='line_1_14' title="bbox 689 3377 1984 3478; baseline 0.004 -31"><span class='ocrx_word' id='word_1_104' title='bbox 689 3378 923 3449; x_wconf 82' lang='lat' dir='ltr'>occidentalem</span> <span class='ocrx_word' id='word_1_105' title='bbox 947 3377 1055 3446; x_wconf 88' lang='lat' dir='ltr'>aulam</span> <span class='ocrx_word' id='word_1_106' title='bbox 1084 3383 1250 3471; x_wconf 79' lang='lat' dir='ltr'>migravit,</span> <span class='ocrx_word' id='word_1_107' title='bbox 1286 3404 1325 3447; x_wconf 87' lang='lat' dir='ltr'>ex</span> <span class='ocrx_word' id='word_1_108' title='bbox 1348 3402 1414 3477; x_wconf 86' lang='lat' dir='ltr'>qua</span> <span class='ocrx_word' id='word_1_109' title='bbox 1438 3384 1519 3450; x_wconf 89' lang='lat' dir='ltr'>urbs</span> <span class='ocrx_word' id='word_1_110' title='bbox 1547 3384 1715 3478; x_wconf 80' lang='lat' dir='ltr'>magnilioa</span> <span class='ocrx_word' id='word_1_111' title='bbox 1751 3410 1827 3455; x_wconf 82' lang='lat' dir='ltr'>mox</span> <span class='ocrx_word' id='word_1_112' title='bbox 1858 3389 1984 3453; x_wconf 85' lang='lat' dir='ltr'>exstitit</span> 
     </span>
     <span class='ocr_line' id='line_1_15' title="bbox 688 3516 1983 3617; baseline -0.002 -27"><span class='ocrx_word' id='word_1_113' title='bbox 688 3521 854 3616; x_wconf 78' lang='lat' dir='ltr'>Bagbdad,</span> <span class='ocrx_word' id='word_1_114' title='bbox 876 3527 909 3588; x_wconf 91' lang='lat' dir='ltr'>in</span> <span class='ocrx_word' id='word_1_115' title='bbox 935 3526 1045 3591; x_wconf 91' lang='lat' dir='ltr'>numis</span> <span class='ocrx_word' id='word_1_116' title='bbox 1073 3516 1413 3591; x_wconf 57' lang='lat' dir='ltr'>Memmio-selam</span> <span class='ocrx_word' id='word_1_117' title='bbox 1438 3528 1461 3592; x_wconf 88' lang='lat' dir='ltr'>i.</span> <span class='ocrx_word' id='word_1_118' title='bbox 1490 3548 1518 3592; x_wconf 88' lang='lat' dir='ltr'>e.</span> <span class='ocrx_word' id='word_1_119' title='bbox 1541 3524 1638 3591; x_wconf 82' lang='lat' dir='ltr'>urbs</span> <span class='ocrx_word' id='word_1_120' title='bbox 1663 3527 1780 3617; x_wconf 83' lang='lat' dir='ltr'>pacis</span> <span class='ocrx_word' id='word_1_121' title='bbox 1804 3520 1983 3615; x_wconf 86' lang='lat' dir='ltr'>appellata,</span> 
     </span>
     <span class='ocr_line' id='line_1_16' title="bbox 688 3655 1983 3756; baseline -0.003 -27"><span class='ocrx_word' id='word_1_122' title='bbox 688 3664 784 3751; x_wconf 86' lang='lat' dir='ltr'>eujus</span> <span class='ocrx_word' id='word_1_123' title='bbox 808 3668 972 3756; x_wconf 87' lang='lat' dir='ltr'>pomoeria</span> <span class='ocrx_word' id='word_1_124' title='bbox 1000 3660 1090 3728; x_wconf 86' lang='lat' dir='ltr'>filius</span> <span class='ocrx_word' id='word_1_125' title='bbox 1116 3657 1276 3729; x_wconf 80' lang='lat' dir='ltr'>elblebdi</span> <span class='ocrx_word' id='word_1_126' title='bbox 1300 3670 1388 3727; x_wconf 87' lang='lat' dir='ltr'>trans</span> <span class='ocrx_word' id='word_1_127' title='bbox 1411 3664 1516 3754; x_wconf 87' lang='lat' dir='ltr'>ripam</span> <span class='ocrx_word' id='word_1_128' title='bbox 1541 3660 1687 3728; x_wconf 84' lang='lat' dir='ltr'>fluminis</span> <span class='ocrx_word' id='word_1_129' title='bbox 1704 3655 1894 3727; x_wconf 86' lang='lat' dir='ltr'>orientalem</span> <span class='ocrx_word' id='word_1_130' title='bbox 1908 3679 1983 3751; x_wconf 92' lang='lat' dir='ltr'>pro·</span> 
     </span>
     <span class='ocr_line' id='line_1_17' title="bbox 688 3787 1981 3897; baseline -0.003 -30"><span class='ocrx_word' id='word_1_131' title='bbox 688 3796 776 3873; x_wconf 86' lang='lat' dir='ltr'>tulit.</span> <span class='ocrx_word' id='word_1_132' title='bbox 829 3797 993 3865; x_wconf 76' lang='lat' dir='ltr'>Monetam</span> <span class='ocrx_word' id='word_1_133' title='bbox 1031 3794 1228 3866; x_wconf 82' lang='lat' dir='ltr'>kbalisarum</span> <span class='ocrx_word' id='word_1_134' title='bbox 1268 3798 1322 3867; x_wconf 88' lang='lat' dir='ltr'>bio</span> <span class='ocrx_word' id='word_1_135' title='bbox 1348 3798 1451 3867; x_wconf 86' lang='lat' dir='ltr'>suiase</span> <span class='ocrx_word' id='word_1_136' title='bbox 1480 3787 1704 3894; x_wconf 78' lang='lat' dir='ltr'>primariam,‘</span> <span class='ocrx_word' id='word_1_137' title='bbox 1722 3824 1780 3897; x_wconf 84' lang='lat' dir='ltr'>per</span> <span class='ocrx_word' id='word_1_138' title='bbox 1803 3824 1839 3868; x_wconf 88' lang='lat' dir='ltr'>ae</span> <span class='ocrx_word' id='word_1_139' title='bbox 1865 3798 1981 3890; x_wconf 73' lang='lat' dir='ltr'>liquet</span> 
     </span>
     <span class='ocr_line' id='line_1_18' title="bbox 688 3921 1981 4029; baseline 0.007 -39"><span class='ocrx_word' id='word_1_140' title='bbox 688 3921 769 3993; x_wconf 83' lang='lat' dir='ltr'>tude</span> <span class='ocrx_word' id='word_1_141' title='bbox 806 3930 848 3997; x_wconf 83' lang='lat' dir='ltr'>ab</span> <span class='ocrx_word' id='word_1_142' title='bbox 881 3955 967 4003; x_wconf 79' lang='lat' dir='ltr'>anno</span> <span class='ocrx_word' id='word_1_143' title='bbox 995 3936 1068 4003; x_wconf 79' lang='grc'>118</span> <span class='ocrx_word' id='word_1_144' title='bbox 1095 3959 1203 4029; x_wconf 86' lang='lat' dir='ltr'>usque</span> <span class='ocrx_word' id='word_1_145' title='bbox 1238 3934 1280 4003; x_wconf 80' lang='lat' dir='ltr'>ad</span> <span class='ocrx_word' id='word_1_146' title='bbox 1306 3937 1381 4005; x_wconf 91' lang='grc'>558</span> <span class='ocrx_word' id='word_1_147' title='bbox 1407 3936 1642 4021; x_wconf 72' lang='lat' dir='ltr'>(teir-950)</span> <span class='ocrx_word' id='word_1_148' title='bbox 1678 3939 1776 4004; x_wconf 83' lang='lat' dir='ltr'>series</span> <span class='ocrx_word' id='word_1_149' title='bbox 1802 3954 1981 4000; x_wconf 86' lang='lat' dir='ltr'>numurum</span> 
     </span>
     <span class='ocr_line' id='line_1_19' title="bbox 688 4061 1981 4171; baseline 0.005 -43"><span class='ocrx_word' id='word_1_150' title='bbox 688 4061 836 4153; x_wconf 80' lang='lat' dir='ltr'>procedit</span> <span class='ocrx_word' id='word_1_151' title='bbox 860 4089 997 4137; x_wconf 90' lang='lat' dir='ltr'>numero</span> <span class='ocrx_word' id='word_1_152' title='bbox 1027 4083 1135 4151; x_wconf 86' lang='lat' dir='ltr'>tanta,</span> <span class='ocrx_word' id='word_1_153' title='bbox 1159 4086 1198 4142; x_wconf 91' lang='lat' dir='ltr'>ut</span> <span class='ocrx_word' id='word_1_154' title='bbox 1233 4075 1312 4171; x_wconf 90' lang='lat' dir='ltr'>plua</span> <span class='ocrx_word' id='word_1_155' title='bbox 1340 4078 1554 4145; x_wconf 73' lang='lat' dir='ltr'>ostreorum</span> <span class='ocrx_word' id='word_1_156' title='bbox 1584 4069 1697 4138; x_wconf 83' lang='lat' dir='ltr'>adbuo</span> <span class='ocrx_word' id='word_1_157' title='bbox 1721 4072 1981 4139; x_wconf 76' lang='lat' dir='ltr'>examinaverim.</span> 
     </span>
     <span class='ocr_line' id='line_1_20' title="bbox 687 4196 1980 4303; baseline 0.01 -41"><span class='ocrx_word' id='word_1_158' title='bbox 687 4196 758 4263; x_wconf 77' lang='lat' dir='ltr'>lam</span> <span class='ocrx_word' id='word_1_159' title='bbox 785 4221 870 4269; x_wconf 82' lang='lat' dir='ltr'>sono</span> <span class='ocrx_word' id='word_1_160' title='bbox 899 4202 946 4271; x_wconf 91' lang='grc'>17</span> <span class='ocrx_word' id='word_1_161' title='bbox 970 4207 1092 4293; x_wconf 87' lang='grc'><strong>(658),</strong></span> <span class='ocrx_word' id='word_1_162' title='bbox 1116 4234 1220 4303; x_wconf 87' lang='lat' dir='ltr'>quum</span> <span class='ocrx_word' id='word_1_163' title='bbox 1246 4212 1345 4281; x_wconf 85' lang='lat' dir='ltr'>Omar</span> <span class='ocrx_word' id='word_1_164' title='bbox 1370 4208 1493 4279; x_wconf 83' lang='lat' dir='ltr'>kbalisa</span> <span class='ocrx_word' id='word_1_165' title='bbox 1518 4210 1709 4303; x_wconf 85' lang='lat' dir='ltr'>imperaret,</span> <span class='ocrx_word' id='word_1_166' title='bbox 1745 4204 1922 4301; x_wconf 81' lang='lat' dir='ltr'>llrgbdado</span> <span class='ocrx_word' id='word_1_167' title='bbox 1938 4207 1980 4275; x_wconf 92' lang='lat' dir='ltr'>ab</span> 
     </span>
     <span class='ocr_line' id='line_1_21' title="bbox 687 4313 1978 4443; baseline 0.014 -49"><span class='ocrx_word' id='word_1_168' title='bbox 687 4350 802 4395; x_wconf 83' lang='lat' dir='ltr'>occasu</span> <span class='ocrx_word' id='word_1_169' title='bbox 825 4330 962 4402; x_wconf 85' lang='lat' dir='ltr'>hiberno</span> <span class='ocrx_word' id='word_1_170' title='bbox 989 4335 1143 4437; x_wconf 84' lang='lat' dir='ltr'>eI-Kufa</span> <span class='ocrx_word' id='word_1_171' title='bbox 1166 4346 1297 4415; x_wconf 78' lang='lat' dir='ltr'>condita</span> <span class='ocrx_word' id='word_1_172' title='bbox 1315 4361 1387 4429; x_wconf 79' lang='lat' dir='ltr'>est,</span> <span class='ocrx_word' id='word_1_173' title='bbox 1412 4374 1498 4443; x_wconf 83' lang='lat' dir='ltr'>quae</span> <span class='ocrx_word' id='word_1_174' title='bbox 1522 4313 1671 4429; x_wconf 84' lang='lat' dir='ltr'>lbalilia,</span> <span class='ocrx_word' id='word_1_175' title='bbox 1687 4346 1852 4417; x_wconf 87' lang='lat' dir='ltr'>interdum</span> <span class='ocrx_word' id='word_1_176' title='bbox 1878 4345 1978 4439; x_wconf 78' lang='lat' dir='ltr'>Bagb·</span> 
     </span>
     <span class='ocr_line' id='line_1_22' title="bbox 688 4464 2043 4575; baseline 0.012 -46"><span class='ocrx_word' id='word_1_177' title='bbox 688 4464 810 4531; x_wconf 86' lang='lat' dir='ltr'>dadum</span> <span class='ocrx_word' id='word_1_178' title='bbox 849 4464 1092 4575; x_wconf 84' lang='lat' dir='ltr'>deserentibus,</span> <span class='ocrx_word' id='word_1_179' title='bbox 1126 4502 1189 4547; x_wconf 86' lang='lat' dir='ltr'>ona</span> <span class='ocrx_word' id='word_1_180' title='bbox 1218 4505 1293 4551; x_wconf 88' lang='lat' dir='ltr'>cum</span> <span class='ocrx_word' id='word_1_181' title='bbox 1336 4482 1497 4563; x_wconf 80' lang='lat' dir='ltr'>el-llasra,</span> <span class='ocrx_word' id='word_1_182' title='bbox 1524 4484 1632 4551; x_wconf 85' lang='lat' dir='ltr'>Wasit</span> <span class='ocrx_word' id='word_1_183' title='bbox 1655 4493 1689 4550; x_wconf 91' lang='lat' dir='ltr'>et</span> <span class='ocrx_word' id='word_1_184' title='bbox 1725 4486 1887 4573; x_wconf 86' lang='lat' dir='ltr'>posterius</span> <span class='ocrx_word' id='word_1_185' title='bbox 1923 4480 1975 4546; x_wconf 89' lang='lat' dir='ltr'>Sa·</span> <span class='ocrx_word' id='word_1_186' title='bbox 2040 4535 2043 4540; x_wconf 93' lang='lat'><em>.</em></span> 
     </span>
     <span class='ocr_line' id='line_1_23' title="bbox 688 4606 1976 4693; baseline 0.001 -20"><span class='ocrx_word' id='word_1_187' title='bbox 688 4626 788 4673; x_wconf 82' lang='lat' dir='ltr'>merra</span> <span class='ocrx_word' id='word_1_188' title='bbox 814 4606 957 4674; x_wconf 83' lang='lat' dir='ltr'>vicissim</span> <span class='ocrx_word' id='word_1_189' title='bbox 983 4607 1187 4678; x_wconf 83' lang='lat' dir='ltr'>domicilium</span> <span class='ocrx_word' id='word_1_190' title='bbox 1211 4625 1289 4681; x_wconf 85' lang='lat' dir='ltr'>erat.</span> <span class='ocrx_word' id='word_1_191' title='bbox 1324 4616 1374 4682; x_wconf 84' lang='grc'>10</span> <span class='ocrx_word' id='word_1_192' title='bbox 1395 4613 1553 4691; x_wconf 86' lang='lat' dir='ltr'>dirbemi,</span> <span class='ocrx_word' id='word_1_193' title='bbox 1578 4638 1607 4681; x_wconf 85' lang='lat' dir='ltr'>a.</span> <span class='ocrx_word' id='word_1_194' title='bbox 1634 4608 1976 4693; x_wconf 78' lang='grc'>158-550(719-</span> 
     </span>
     <span class='ocr_line' id='line_1_24' title="bbox 688 4745 1978 4844; baseline 0.002 -33"><span class='ocrx_word' id='word_1_195' title='bbox 688 4745 778 4831; x_wconf 83' lang='grc'>811)</span> <span class='ocrx_word' id='word_1_196' title='bbox 801 4748 842 4813; x_wconf 86' lang='lat' dir='ltr'>ab</span> <span class='ocrx_word' id='word_1_197' title='bbox 862 4748 1036 4837; x_wconf 74' lang='lat' dir='ltr'>Umajjadis</span> <span class='ocrx_word' id='word_1_198' title='bbox 1059 4760 1092 4817; x_wconf 84' lang='lat' dir='ltr'>et</span> <span class='ocrx_word' id='word_1_199' title='bbox 1117 4748 1290 4837; x_wconf 77' lang='lat' dir='ltr'>Abbrsidis</span> <span class='ocrx_word' id='word_1_200' title='bbox 1315 4750 1368 4817; x_wconf 89' lang='lat' dir='ltr'>bio</span> <span class='ocrx_word' id='word_1_201' title='bbox 1385 4755 1532 4844; x_wconf 81' lang='lat' dir='ltr'>prosusi,</span> <span class='ocrx_word' id='word_1_202' title='bbox 1552 4755 1585 4817; x_wconf 90' lang='lat' dir='ltr'>iu</span> <span class='ocrx_word' id='word_1_203' title='bbox 1599 4749 1713 4819; x_wconf 81' lang='lat' dir='ltr'>sneeia</span> <span class='ocrx_word' id='word_1_204' title='bbox 1727 4747 1835 4816; x_wconf 79' lang='lat' dir='ltr'>adbuo</span> <span class='ocrx_word' id='word_1_205' title='bbox 1847 4746 1978 4815; x_wconf 80' lang='lat' dir='ltr'>collecti</span> 
     </span>
    </p>
   </div>
   <div class='ocr_carea' id='block_1_4' title="bbox 686 4880 1978 5109">
    <p class='ocr_par' dir='ltr' id='par_1_4' title="bbox 686 4880 1978 5109">
     <span class='ocr_line' id='line_1_25' title="bbox 686 4880 1978 4983; baseline 0.006 -38"><span class='ocrx_word' id='word_1_206' title='bbox 686 4892 772 4945; x_wconf 89' lang='lat' dir='ltr'>suut.</span> <span class='ocrx_word' id='word_1_207' title='bbox 825 4880 905 4949; x_wconf 85' lang='lat' dir='ltr'>Mari</span> <span class='ocrx_word' id='word_1_208' title='bbox 935 4888 1069 4976; x_wconf 89' lang='lat' dir='ltr'>propius</span> <span class='ocrx_word' id='word_1_209' title='bbox 1101 4883 1144 4952; x_wconf 90' lang='lat' dir='ltr'>ad</span> <span class='ocrx_word' id='word_1_210' title='bbox 1180 4886 1315 4955; x_wconf 84' lang='lat' dir='ltr'>eandem</span> <span class='ocrx_word' id='word_1_211' title='bbox 1354 4888 1500 4957; x_wconf 87' lang='lat' dir='ltr'>fluminis</span> <span class='ocrx_word' id='word_1_212' title='bbox 1534 4895 1639 4983; x_wconf 84' lang='lat' dir='ltr'>ripam</span> <span class='ocrx_word' id='word_1_213' title='bbox 1668 4888 1769 4956; x_wconf 82' lang='lat' dir='ltr'>Omar</span> <span class='ocrx_word' id='word_1_214' title='bbox 1793 4885 1852 4954; x_wconf 91' lang='lat' dir='ltr'>ille</span> <span class='ocrx_word' id='word_1_215' title='bbox 1871 4910 1902 4953; x_wconf 88' lang='lat' dir='ltr'>a.</span> <span class='ocrx_word' id='word_1_216' title='bbox 1932 4886 1978 4953; x_wconf 81' lang='grc'>11</span> 
     </span>
     <span class='ocr_line' id='line_1_26' title="bbox 688 5004 1978 5109; baseline 0.009 -40"><span class='ocrx_word' id='word_1_217' title='bbox 688 5004 793 5089; x_wconf 80' lang='grc'><strong>(656)</strong></span> <span class='ocrx_word' id='word_1_218' title='bbox 820 5004 1029 5075; x_wconf 84' lang='lat' dir='ltr'>el-Basram</span> <span class='ocrx_word' id='word_1_219' title='bbox 1055 5010 1253 5093; x_wconf 80' lang='lat' dir='ltr'>aedificavit,</span> <span class='ocrx_word' id='word_1_220' title='bbox 1279 5014 1375 5103; x_wconf 85' lang='lat' dir='ltr'>nujus</span> <span class='ocrx_word' id='word_1_221' title='bbox 1400 5020 1511 5095; x_wconf 86' lang='lat' dir='ltr'>numi,</span> <span class='ocrx_word' id='word_1_222' title='bbox 1537 5020 1596 5109; x_wconf 89' lang='lat' dir='ltr'>qui</span> <span class='ocrx_word' id='word_1_223' title='bbox 1624 5038 1762 5083; x_wconf 87' lang='lat' dir='ltr'>numero</span> <span class='ocrx_word' id='word_1_224' title='bbox 1776 5016 1825 5082; x_wconf 94' lang='grc'>60</span> <span class='ocrx_word' id='word_1_225' title='bbox 1839 5012 1978 5091; x_wconf 88' lang='lat' dir='ltr'>adsunt,</span> 
     </span>
    </p>
   </div>
   <div class='ocr_carea' id='block_1_5' title="bbox 688 5124 2063 5245">
    <p class='ocr_par' dir='ltr' id='par_1_5' title="bbox 688 5124 2063 5245">
     <span class='ocr_line' id='line_1_27' title="bbox 688 5124 2063 5245; baseline 0.013 -43"><span class='ocrx_word' id='word_1_226' title='bbox 688 5137 728 5203; x_wconf 86' lang='lat' dir='ltr'>ab</span> <span class='ocrx_word' id='word_1_227' title='bbox 753 5160 839 5205; x_wconf 91' lang='lat' dir='ltr'>anno</span> <span class='ocrx_word' id='word_1_228' title='bbox 873 5139 921 5205; x_wconf 95' lang='grc'>81</span> <span class='ocrx_word' id='word_1_229' title='bbox 948 5142 1050 5235; x_wconf 91' lang='grc'><strong>(700)</strong></span> <span class='ocrx_word' id='word_1_230' title='bbox 1087 5124 1201 5237; x_wconf 73' lang='lat' dir='ltr'>usque¹</span> <span class='ocrx_word' id='word_1_231' title='bbox 1228 5145 1270 5212; x_wconf 89' lang='lat' dir='ltr'>ad</span> <span class='ocrx_word' id='word_1_232' title='bbox 1295 5169 1417 5215; x_wconf 87' lang='lat' dir='ltr'>aunum</span> <span class='ocrx_word' id='word_1_233' title='bbox 1454 5147 1531 5215; x_wconf 85' lang='grc'>587</span> <span class='ocrx_word' id='word_1_234' title='bbox 1553 5148 1683 5245; x_wconf 89' lang='grc'><strong>(1006)</strong></span> <span class='ocrx_word' id='word_1_235' title='bbox 1718 5149 1759 5215; x_wconf 80' lang='lat' dir='ltr'>rb</span> <span class='ocrx_word' id='word_1_236' title='bbox 1787 5149 1977 5239; x_wconf 85' lang='lat' dir='ltr'>Umajjadis,</span> <span class='ocrx_word' id='word_1_237' title='bbox 2059 5239 2063 5243; x_wconf 19' lang='grc' dir='ltr'>ι</span> 
     </span>
    </p>
   </div>
   <div class='ocr_carea' id='block_1_6' title="bbox 689 5269 1979 5379">
    <p class='ocr_par' dir='ltr' id='par_1_6' title="bbox 689 5269 1979 5379">
     <span class='ocr_line' id='line_1_28' title="bbox 689 5269 1979 5379; baseline 0.018 -44"><span class='ocrx_word' id='word_1_238' title='bbox 689 5269 878 5351; x_wconf 79' lang='lat' dir='ltr'>Abbasidis,</span> <span class='ocrx_word' id='word_1_239' title='bbox 905 5274 1106 5364; x_wconf 84' lang='lat' dir='ltr'>Buwejbidis</span> <span class='ocrx_word' id='word_1_240' title='bbox 1132 5290 1165 5347; x_wconf 83' lang='lat' dir='ltr'>et</span> <span class='ocrx_word' id='word_1_241' title='bbox 1204 5281 1412 5355; x_wconf 84' lang='lat' dir='ltr'>llerwanidis</span> <span class='ocrx_word' id='word_1_242' title='bbox 1437 5289 1570 5379; x_wconf 84' lang='lat' dir='ltr'>signati,</span> <span class='ocrx_word' id='word_1_243' title='bbox 1607 5283 1696 5379; x_wconf 87' lang='lat' dir='ltr'>apud</span> <span class='ocrx_word' id='word_1_244' title='bbox 1721 5307 1782 5354; x_wconf 88' lang='lat' dir='ltr'>noa</span> <span class='ocrx_word' id='word_1_245' title='bbox 1806 5302 1884 5356; x_wconf 86' lang='lat' dir='ltr'>sunt</span> <span class='ocrx_word' id='word_1_246' title='bbox 1915 5288 1979 5357; x_wconf 86' lang='lat' dir='ltr'>ire·</span> 
     </span>
    </p>
   </div>
   <div class='ocr_carea' id='block_1_7' title="bbox 1827 5466 1842 5532">
    <p class='ocr_par' dir='ltr' id='par_1_7' title="bbox 1827 5466 1842 5532">
     <span class='ocr_line' id='line_1_29' title="bbox 1827 5466 1842 5532; baseline 0 0"><span class='ocrx_word' id='word_1_247' title='bbox 1827 5466 1842 5532; x_wconf 92' lang='lat'>1</span> 
     </span>
    </p>
   </div>
   <div class='ocr_carea' id='block_1_8' title="bbox 0 0 2934 8009">
    <p class='ocr_par' dir='ltr' id='par_1_8' title="bbox 0 0 2934 8009">
     <span class='ocr_line' id='line_1_30' title="bbox 0 0 2934 8009; baseline 0 1"><span class='ocrx_word' id='word_1_248' title='bbox 0 0 2934 8009; x_wconf 95' lang='lat' dir='ltr'> </span> 
     </span>
    </p>
   </div>
  </div>
 </body>
</html>
