5859 8009
1001 1444 1083 1493 uvttt

955 1630 1051 1691 etiarn
1085 1622 1306 1691 Zuaurunttn
1335 1619 1530 1687 numismata
1560 1616 1649 1711 apud
1682 1640 1742 1687 noo
1767 1630 1855 1687 root.
1907 1618 1947 1686 ttt
1979 1616 2157 1708 Djurdjan,
2188 1620 2248 1685 Ta·

956 1760 1095 1827 berletau
1123 1760 1229 1851 iisque
1250 1760 1371 1825 vicinos
1397 1758 1580 1847 provinciae
1605 1779 1664 1849 per
1689 1769 1812 1849 partem
1837 1753 1938 1824 seculi
1956 1760 2063 1849 quarti
2090 1769 2123 1822 et
2141 1760 2249 1848 quinti

957 1902 1043 1963 varia
1067 1894 1200 1962 fortuna
1231 1854 1399 1970 rexerunt,
1425 1891 1531 1960 donec
1564 1898 1730 1985 potentiae
1762 1891 2012 1959 succumberent
2046 1888 2252 1979 Buwejbida·

958 2054 1041 2098 rum.
1094 2030 1219 2097 Unicus
1246 2026 1390 2104 dirhem,
1425 2051 1442 2092 a
1477 2026 1657 2109 Bisturro,
1684 2032 1781 2096 tertio
1808 2027 1973 2115 dynastiae
2005 2032 2168 2123 principe,
2193 2036 2253 2123 qui

958 2194 985 2231 a.
1009 2166 1084 2231 556
1109 2166 1211 2258 (966)
1238 2165 1483 2257 Wasnhmegiro
1511 2168 1594 2255 patri
1621 2180 1833 2243 successerat,
1859 2189 1956 2233 ousue
1981 2166 2092 2233 adhue
2116 2173 2149 2235 in
2176 2168 2258 2236 Sue·

960 2311 1008 2371 oia
1035 2315 1182 2395 repertus
1208 2313 1265 2369 eat.
1294 2342 1339 2355 -
1371 2303 1459 2369 xlv.
1488 2304 1708 2384 Buwututom,
1733 2328 1878 2399 quorum
1905 2311 2042 2401 imperio
2069 2330 2184 2401 magna
2213 2313 2258 2373 A·

960 2444 1025 2503 siae
1048 2439 1205 2504 citerioris
1231 2462 1304 2531 pars
1328 2462 1386 2531 per
1411 2438 1480 2507 duo
1505 2438 1574 2509 fere
1597 2441 1706 2510 recula
1736 2449 1864 2537 paruit,
1893 2443 2115 2539 frequentiora
2140 2456 2258 2537 poten·

962 2596 1025 2657 tiae
1048 2587 1244 2653 documenta
1276 2582 1372 2649 nobie
1399 2578 1571 2653 dederunt.
1622 2580 1748 2647 Nomos
1775 2580 1825 2645 59
1848 2578 1946 2666 hujus
1971 2577 2081 2645 clareia
2103 2577 2171 2666 jam
2197 2599 2259 2643 ou-

965 2741 1144 2795 meramus,
1178 2742 1205 2783 a.
1242 2714 1443 2782 nuo-tot
1480 2712 1736 2803 (tart-1011)
1771 2742 1789 2782 a
1827 2716 1971 2805 dynastis
2006 2730 2149 2812 quatum
2180 2725 2260 2780 netu

965 2857 1111 2923 inanimis
1137 2872 1242 2917 cusos.
1271 2885 1320 2901 —
1346 2849 1418 2915 XV.
1448 2848 1668 2927 uirorumue,
1694 2850 1758 2915 sub
1782 2856 1919 2917 maxima
1935 2852 2038 2919 seculi
2053 2858 2162 2945 quarti
2188 2878 2261 2948 par-

963 3012 995 3063 te
1023 3000 1057 3060 iu
1083 2988 1270 3085 regionibus
1293 2981 1459 3053 Mawsilae
1488 2996 1522 3051 et
1554 2983 1672 3052 Halebi
1700 2990 1938 3080 imperitantes,
1971 2994 2005 3054 in
2032 2989 2078 3053 ll
2106 2986 2262 3055 dirlremis
2321 3063 2323 3074 Ι

965 3134 1054 3199 obvii
1086 3126 1178 3206 aun't,
1213 3146 1356 3221 quorum
1392 3126 1440 3190 10
1474 3149 1493 3190 a
1520 3122 1814 3196 Nasu-elnaem
1845 3141 1879 3194 et
1911 3121 2165 3221 &if-eldeum
2199 3122 2262 3193 sra-

966 3271 1069 3337 tribue
1095 3293 1123 3332 a.
1149 3265 1351 3343 550--556
1377 3261 1625 3356 (941-967),
1648 3288 1736 3333 uuus
1759 3234 1885 3342 autem,
1910 3264 2046 3333 sortiere
2067 3268 2200 3339 uuioua,
2221 3262 2262 3326 ab

967 3412 1056 3480 illino
1072 3406 1140 3475 filio
1154 3398 1452 3500 {Abu-TogltIubo
1479 3396 1734 3472 Fodit-Attali
1748 3433 1776 3475 a.
1800 3412 1875 3478 560
1900 3414 2005 3499 (970,
2033 3412 2068 3498 l)
2092 3430 2200 3475 ouans.
2215 3444 2261 3459 .-

946 3518 947 3521 ¹
966 3546 1053 3615 xvl.
1082 3540 1232 3626 Dynae'tia
1249 3537 1547 3610 insomniorum,
1571 3557 1677 3625 quoe,
1704 3549 1778 3629 poet
1796 3543 1926 3632 triginta
1940 3552 2089 3631 quatuor
2104 3562 2264 3606 annorum

966 3692 1000 3753 iu
1028 3683 1119 3770 Syria
1144 3690 1177 3747 et
1202 3677 1343 3771 AEgypto
1357 3698 1513 3770 regnum,
1538 3698 1624 3743 auno
1643 3674 1775 3745 tandem
1796 3680 1870 3745 550
1895 3678 2001 3763 (968,
2025 3679 2061 3761 9)
2075 3700 2133 3770 per
2155 3677 2264 3764 Djew·

968 3820 1103 3895 herum,
1139 3813 1257 3881 ducem
1290 3808 1645 3888 Moralium-allabi,
1673 3811 1815 3881 kbelifae
1843 3811 2032 3891 intimidici,
2065 3835 2173 3880 eversa
2200 3825 2265 3879 est,

968 3955 1054 4024 duos
1081 3949 1179 4019 modo
1203 3969 1321 4015 uumoa
1354 3951 1386 4011 in
1420 3945 1534 4011 Sueoia
1562 3942 1678 4024 habet,
1706 3944 1845 4014 ultorum
1872 3969 1956 4012 auno
1989 3948 2064 4012 555
2095 3946 2201 4040 (944,
2227 3942 2265 4033 5)

967 4120 985 4157 a
1010 4076 1268 4159 Mokammede
1293 4072 1547 4158 el·llrlrsclrr'd,
1574 4083 1679 4172 gentis
1703 4078 1890 4155 conditore,
1915 4077 2052 4146 alterum
2080 4104 2165 4147 anno
2190 4080 2266 4146 549

967 4228 1009 4294 ab
1039 4214 1321 4312 Abu-l-Qurimo
1347 4214 1446 4301 hujus
1472 4212 1560 4292 filio,
1587 4236 1691 4283 euros.
1725 4251 1775 4269 -
1797 4213 1901 4281 xvir.
1932 4216 2018 4285 Gens
2044 4223 2184 4294 turoiea,
2210 4240 2266 4282 cu-

966 4369 1019 4454 jus
1042 4382 1132 4454 reges
1163 4357 1273 4423 itanu
1299 4352 1468 4418 turmam
1499 4350 1766 4444 appellabantur,
1801 4376 1900 4445 regno
1926 4365 2088 4418 exuerunt
2121 4351 2266 4417 Somani-

970 4499 1043 4575 das,
1068 4509 1100 4564 et
1126 4492 1203 4560 iude
1227 4515 1244 4556 a
1270 4484 1381 4553 secuto
1409 4499 1528 4580 quarto
1543 4502 1685 4559 exeunte
1712 4512 1769 4582 per
1794 4486 1929 4581 longum
1944 4492 2101 4578 temporis
2124 4490 2266 4577 epatium

970 4641 1115 4729 regiones
1150 4630 1327 4696 'tenuerunt
1368 4641 1586 4695 trausoxauas.
1637 4624 1665 4690 E
1694 4625 1804 4687 uumis
1832 4642 1945 4687 eorum
1980 4632 2045 4685 tres
2071 4631 2198 4683 tantum
2234 4623 2266 4681 iu

971 4772 1084 4838 Sueoia
1111 4771 1339 4839 innotuerunt,
1372 4760 1414 4825 ab
1442 4753 1524 4828 Ilelr
1548 4751 1673 4831 Klean,
1700 4756 1757 4845 qni
1784 4772 1870 4817 auno
1895 4750 1971 4815 585
1995 4746 2099 4843 (995)
2126 4744 2268 4838 Baghera

974 4906 1091 4975 Khnno
1123 4896 1293 4976 suecessit,
1326 4897 1466 4988 procuri.
1502 4929 1551 4947 ι·-
1582 4890 1701 4957 XVlll.
1742 4885 1953 4962 Burro-Onam
1988 4907 2045 4952 eeu
2079 4882 2267 4959 Ooatttum,

974 5042 1083 5107 tribue
1108 5036 1233 5103 arabica
1266 5029 1390 5105 valida,
1419 5050 1477 5121 per
1502 5028 1650 5095 Emirum
1675 5046 1773 5091 suum
1797 5018 2013 5091 Abu-Mlaud
2039 5016 2268 5093 Muhammed,

972 5176 1031 5266 qui
1057 5191 1142 5238 anno
1168 5167 1243 5235 580
1269 5164 1371 5252 (990)
1403 5159 1586 5230 Mawsilam
1615 5161 1841 5252 expugnavit,
1868 5153 1961 5223 aeder
1987 5160 2019 5222 in
2052 5154 2104 5220 hia
2130 5157 2271 5246 regioni·

970 5312 1033 5376 bna
1064 5306 1142 5373 fixae
1174 5298 1378 5393 aliquamdiu
1406 5296 1633 5365 obtinuerunt.
1684 5296 1886 5411 Numerum,
1920 5316 2005 5387 quoa
2036 5290 2136 5360 ‹luoea
2171 5289 2268 5378 hujus

968 5449 1072 5541 gentis
1099 5434 1327 5538 procurlendoa
1349 5450 1525 5516 curamur,
1552 5436 1789 5503 rarissimorum
1810 5440 1935 5523 septem
1958 5425 2045 5521 apud
2068 5449 2128 5495 noa
2152 5426 2271 5518 reperti
