5859 8009
1788 1492 1889 1552 cmi

648 1684 720 1746 onis
745 1683 921 1772 argentaria
948 1682 1095 1745 maxims
1108 1690 1192 1755 erat,
1211 1678 1307 1765 nujus
1330 1678 1499 1747 mstsllurn
1519 1686 1551 1746 in
1564 1696 1726 1750 monetmn
1741 1683 1937 1759 Endersbas.

648 1828 685 1881 ut
713 1816 756 1882 ibi
786 1817 980 1907 signaretur,
1006 1816 1210 1906 portabatur.
1260 1819 1304 1879 nt
1332 1812 1385 1879 hic
1399 1838 1534 1909 quoque
1549 1818 1708 1886 officinam
1726 1826 1937 1889 monetarium

648 1952 763 2030 irrisus,
791 1946 986 2045 intelligitur
1018 1976 1056 2019 er
1086 1952 1132 2016 13
1166 1948 1338 2027 dirhemis,
1379 1957 1511 2017 nornine
1550 1950 1705 2040 Pendjlsir
1743 1956 1939 2047 insignibus,

649 2108 732 2179 quos
771 2089 942 2151 maximam
980 2096 1103 2177 partem
1145 2084 1321 2153 Soffaridse
1347 2112 1375 2154 a.
1400 2088 1603 2154 usu-suu
1629 2088 1861 2179 (uus-941)
1885 2092 1939 2158 hie

650 2220 817 2288 cudendus
847 2221 1017 2305 'lecerunt
1044 2262 1096 2279 -·
1120 2225 1325 2293 llhnrassnae
1362 2229 1450 2319 regio
1484 2220 1686 2295 el-Klrottel
1718 2244 1751 2297 st
1779 2232 1820 2297 eb
1848 2234 1938 2301 sbu-

650 2357 765 2448 lslrsqo
791 2353 944 2422 el-Fsresi
971 2367 1004 2422 et
1030 2354 1070 2421 ab
1092 2354 1253 2423 sbulteda
1282 2357 1528 2435 adnumeratur,
1567 2362 1715 2450 quumvis
1737 2362 1791 2428 laic
1813 2361 1940 2430 disertis

651 2485 756 2551 serbis
781 2484 885 2561 diost,
915 2489 1020 2578 ”pone
1043 2452 1200 2555 flurium”
1228 2494 1249 2555 i.
1263 2516 1289 2559 e.
1306 2493 1447 2580 Djihun,
1473 2497 1529 2561 ubi
1552 2497 1848 2566 lla-verselnahri
1864 2524 1939 2592 pro·

652 2620 755 2683 vincis
779 2630 845 2694 est,
868 2640 937 2685 esur
958 2620 1071 2706 jacere.
1124 2619 1248 2689 Multae
1274 2623 1327 2716 lrin
1353 2631 1477 2692 inerant
1496 2628 1608 2701 urbes,
1634 2640 1668 2695 at
1679 2628 1785 2697 solum
1803 2636 1941 2724 regionis

652 2780 768 2825 nornen
805 2764 837 2824 in
874 2760 896 2824 8
934 2754 1138 2825 semsnidinis
1179 2755 1351 2835 dirlrsmis,
1389 2782 1415 2823 a.
1454 2759 1654 2828 sut-322
1693 2760 1941 2851 (sos-954),

653 2884 762 2953 adhuc
789 2885 924 2961 clarium
947 2882 1023 2952 init.

751 3134 901 3200 Flumine
937 3135 1058 3223 lljihun
1101 3138 1250 3224 trajecto,
1289 3142 1321 3202 in
1352 3139 1673 3231 us-vsss-ss-ssm
1700 3145 1726 3207 i.
1753 3164 1780 3208 e.
1806 3142 1940 3207 Transc-

652 3293 764 3337 xanam
795 3276 940 3349 venitur,
965 3295 1049 3364 quse
1074 3280 1246 3367 praecipue
1272 3279 1408 3367 imperio
1433 3276 1680 3343 Samanidasum
1694 3279 1838 3368 subjecta
1852 3304 1940 3362 sum·

651 3428 741 3471 mum
763 3402 883 3497 gloriae
910 3417 942 3471 et
967 3403 1133 3472 felicitatis
1155 3409 1262 3501 attigit
1287 3405 1463 3500 fastigium.
1519 3410 1675 3476 lmmensa
1701 3417 1858 3504 pecuniae
1883 3416 1941 3491 vis,
2000 3463 2002 3466 -

650 3552 682 3615 in
710 3556 832 3613 nostras
859 3558 957 3612 terras
982 3544 1106 3623 delata,
1134 3549 1161 3611 si
1189 3543 1270 3611 eliae
1296 3542 1442 3612 deessent
1474 3557 1678 3637 argumenta,
1716 3568 1774 3638 per
1800 3569 1834 3611 se
1856 3544 1941 3612 hano

651 3694 883 3761 demonstraret
920 3694 1097 3757 veritatem.
1151 3689 1225 3754 Post
1264 3711 1363 3781 quam
1399 3687 1536 3755 lluvium
1574 3686 1669 3753 illum
1696 3684 1737 3753 sd
1763 3682 1940 3763 Termedb,

651 3816 791 3885 lelshae
817 3842 835 3883 a
861 3822 1080 3910 septentrione
1109 3822 1226 3896 situm,
1254 3825 1433 3898 transieris,
1461 3827 1495 3888 in
1532 3826 1694 3913 regionem
1720 3817 1832 3913 Sughd
1857 3823 1941 3917 cele-

649 3958 863 4024 brasissimam
890 3957 1015 4033 venies,
1051 3956 1108 4022 ubi
1136 3954 1177 4021 sd
1199 3959 1304 4048 ripam
1326 3958 1471 4025 lluminis
1497 3955 1666 4049 soghdiani
1693 3955 1869 4023 australem
1896 3964 1941 4025 ui·

632 4092 728 4162 'ritas
757 4099 940 4187 provinciae
965 4098 1069 4187 prima
1094 4090 1319 4192 Samerqund
1348 4100 1408 4163 sits
1436 4108 1493 4164 est.
1524 4097 1617 4191 'lam
1647 4094 1705 4163 diu
1727 4108 1803 4163 ente
1828 4096 1940 4165 Sams-

649 4228 799 4303 nidardm
837 4258 950 4300 aerum
988 4232 1069 4298 hsen
1101 4230 1180 4297 urbs
1205 4255 1269 4297 una
1296 4255 1373 4299 curn
1400 4232 1588 4301 el-Scbasnh
1615 4246 1648 4301 et
1670 4235 1821 4302 Bulhara
1845 4232 1940 4301 valde

649 4378 774 4451 floruit,
802 4387 835 4441 et
860 4378 950 4439 numi
976 4374 1046 4460 ejus
1078 4393 1162 4436 anno
1193 4370 1264 4436 150
1292 4367 1431 4463 (7673)
1455 4377 1522 4437 cusi
1550 4369 1638 4463 spud
1663 4394 1724 4437 nos
1737 4380 1892 4462 apparent
1907 4379 1940 4434 et

650 4525 759 4603 postea
788 4512 849 4579 sub
873 4507 1034 4576 Tabiridis
1055 4514 1181 4599 saepius
1195 4519 1379 4599 occurrunt.
1406 4512 1449 4571 ar
1463 4526 1549 4570 anno
1563 4502 1694 4569 demum
1712 4504 1786 4568 280
1800 4496 1941 4592 (8953)

650 4660 804 4702 numerus
827 4657 940 4701 eorum
952 4638 1106 4701 continue
1119 4639 1277 4726 augescit,
1303 4645 1361 4723 et„
1375 4630 1534 4725 usquead
1553 4652 1673 4694 annum
1690 4628 1763 4693 559
1777 4627 1940 4713 (969,70)

650 4782 864 4873 pertinentes,
889 4802 1049 4845 summam
1077 4774 1153 4868 plus
1183 4777 1280 4841 1100
1304 4774 1461 4849 efficiunt,
1499 4775 1537 4836 iis
1563 4792 1628 4834 non
1654 4769 1835 4842 recensitis,
1861 4768 1938 4855 qui,

650 4936 787 4981 numeru
814 4912 880 4981 iere
905 4912 1062 4992 totidem,
1092 4918 1192 5005 magis
1221 4915 1328 4977 minus
1352 4906 1569 4975 veoblitterati
1596 4918 1628 4971 et
1654 4902 1826 4981 confracti,
1848 4904 1940 4969 urbis

651 5041 755 5109 solum
784 5065 901 5109 nornen
929 5047 1145 5110 retinuerunt.
1196 5036 1247 5105 Ad
1274 5034 1414 5104 cundem
1443 5033 1578 5097 flurium
1606 5029 1806 5097 occidentem
1829 5051 1941 5122 versus

652 5171 863 5245 Bullrarum
910 5182 1108 5254 invenimus,
1148 5176 1295 5240 omnium
1330 5163 1627 5235 lla-vera·el·nahri
1656 5156 1789 5231 urbium
1813 5164 1939 5259 populo

652 5306 956 5400 frequentissimam.
985 5308 1104 5375 'Anno
1134 5308 1205 5374 191
1230 5302 1394 5399 (809,10)
1421 5301 1557 5396 quidem
1585 5300 1724 5369 dirhemi
1751 5303 1821 5390 ejus
1847 5302 1940 5397 apud

1680 5468 1683 5474 ’
1755 5478 1787 5545 11
