5859 8009
1044 1492 1118 1543 ull·

994 1666 1131 1733 Habitus
1150 1684 1287 1757 quoque
1300 1674 1454 1733 externus
1479 1686 1594 1735 eorum
1620 1690 1686 1735 non
1714 1674 1803 1763 parri
1814 1682 1864 1739 est
1882 1677 2054 1738 momenti:
2068 1692 2181 1739 omnes
2196 1670 2291 1739 vaide

993 1798 1111 1872 attriti,
1133 1792 1247 1874 iraeti,
1269 1799 1336 1863 imo
1362 1794 1560 1879 oblitterati,
1597 1804 1711 1871 itinera
1735 1800 1884 1897 longiore
1908 1813 2105 1899 percurrisse
2122 1806 2292 1883 ridentur,

991 1944 1165 2027 antequam
1194 1939 1227 2002 in
1245 1946 1342 2003 terra
1357 1935 1608 2005 Sueeiseessent
1632 1936 1768 2030 sepulti.
1818 1937 2019 2007 Crediderim
2046 1945 2292 2035 igitur-potius,

994 2078 1092 2164 bujus
1117 2083 1241 2170 generis
1269 2075 1433 2145 dirbemos
1459 2084 1602 2170 primum
1629 2083 1663 2147 in
1690 2084 1799 2148 Asiam
1825 2085 1929 2148 ivisse.
1956 2082 2004 2148 Eo
2023 2087 2194 2175 pecuniam
2215 2081 2291 2149 afri-

994 2238 1107 2281 eanam
1132 2237 1200 2281 esse
1226 2211 1376 2292 allatam,
1398 2238 1455 2306 per
1481 2240 1517 2281 se
1541 2220 1619 2282 satis
1642 2213 1759 2307 liquet.
1788 2214 1861 2283 Non
1887 2213 2023 2308 vectigal
2050 2213 2160 2282 solum
2176 2216 2291 2282 barum

994 2351 1235 2438 provinciarum
1262 2354 1297 2413 in
1336 2349 1526 2415 thesaurum
1565 2343 1717 2413 Khalisae
1754 2344 1947 2422 vehebaturr
1985 2359 2142 2439 quantam
2167 2346 2290 2438 argenti

993 2482 1059 2543 vim
1085 2478 1217 2555 itinera,
1241 2475 1356 2570 templi
1382 2480 1525 2544 mersani
1550 2474 1676 2543 risendi
1702 2498 1813 2541 caussa
1839 2488 2003 2568 suscepta,
2029 2501 2114 2569 quae
2134 2475 2197 2543 hoo
2211 2480 2290 2543 a'ero

993 2634 1033 2681 eo
1062 2611 1215 2705 rigebant
1247 2610 1380 2691 ardore,
1415 2626 1453 2678 ut
1485 2636 1524 2679 ex
1558 2612 1713 2681 omnibus
1745 2618 1842 2681 etiam
1868 2618 2091 2682 remotissimis
2121 2611 2292 2682 islamismi

993 2744 1115 2813 finibus
1137 2746 1285 2813 homines
1311 2749 1345 2811 in
1371 2744 1524 2811 Arabiam
1550 2744 1768 2822 confluerent,
1793 2755 1949 2836 quantam
1974 2756 2155 2811 mercatura
2179 2754 2292 2836 postu-

994 2872 1092 2953 laret,
1118 2899 1215 2951 nemo
1253 2900 1320 2945 non
1357 2874 1485 2943 viderit.
1536 2876 1585 2942 Ex
1612 2880 1688 2945 Asia
1712 2874 1832 2943 deinde
1858 2900 1934 2943 oum
1957 2873 2113 2944 dirbemis
2138 2882 2292 2956 asiaticis,

994 3020 1194 3108 quibuscum
1231 3042 1358 3111 semper
1392 3018 1559 3103 conjuncti
1583 3011 1717 3079 africani
1751 3009 1842 3104 apud
1867 3033 1927 3078 uos
1952 3026 2148 3092 aecurrunt,
2174 3013 2291 3081 iisdem

993 3161 1055 3223 viis
1078 3163 1112 3225 in
1140 3159 1304 3251 Europam
1331 3158 1497 3251 importari
1522 3157 1556 3221 bi
1593 3168 1690 3235 sunt,
1729 3157 1855 3249 quibus
1880 3154 2000 3249 reliqui
2028 3157 2290 3247 immigraverint.

994 3286 1179 3355 Tacendum
1202 3312 1268 3379 non
1290 3301 1354 3367 est,
1394 3292 1589 3355 numismata
1614 3285 1755 3355 esrieaua
1778 3309 1854 3353 curn
1879 3287 2086 3354 samanidinis
2108 3311 2290 3378 numquam

996 3426 1030 3487 in
1055 3422 1169 3489 Suesia
1192 3446 1260 3491 esse
1280 3428 1426 3500 iuventa,
1453 3433 1486 3489 et
1516 3425 1750 3512 antiquissimis
1776 3424 1877 3513 igitur
1900 3421 2057 3487 thesauris
2081 3419 2289 3509 hujusmodi,

996 3568 1055 3652 qui
1080 3588 1099 3629 e
1124 3573 1207 3629 terra
1229 3582 1365 3628 ruerant
1391 3566 1475 3629 eruti
1499 3574 1593 3638 aunt,
1619 3552 1892 3627 adnumerandr.¹

1094 3813 1242 3884 Arrun,
1269 3810 1371 3900 patria
1398 3805 1582 3885 islamismi,
1619 3808 1735 3871 vicinis
1766 3806 1860 3869 terris
1886 3799 2022 3868 devietis
2041 3825 2108 3867 non
2128 3805 2291 3895 principa-

995 3951 1069 4007 tum
1094 3938 1202 4007 solum
1227 3937 1283 4005 sed
1308 3962 1438 4006 omnem
1464 3944 1562 4007 etiam
1590 3943 1688 4004 animi
1712 3936 1838 4005 cultum
1865 3960 1940 4005 mox
1963 3940 2132 4003 concessit.
2183 3936 2289 4015 Quem

995 4072 1035 4139 ad
1064 4072 1198 4140 modum
1226 4085 1333 4141 nostra
1362 4085 1551 4164 tempestate
1576 4072 1636 4138 bae
1659 4072 1804 4161 regiones
1837 4075 2002 4163 peregriua
2043 4081 2189 4135 utuntur
2219 4092 2289 4135 ruo·

996 4220 1085 4287 neta,
1107 4213 1153 4273 sio
1177 4205 1260 4285 illis,
1286 4205 1476 4297 dequibus
1504 4204 1690 4297 loquimur,
1729 4207 1932 4297 temporibus
1958 4202 2097 4271 artifices
2123 4205 2169 4270 ibi
2195 4202 2290 4271 defu-

995 4345 1055 4407 isse
1082 4340 1236 4407 videntur
1263 4338 1389 4417 idonei,
1414 4340 1473 4430 qui
1498 4361 1615 4404 numos
1641 4338 1814 4417 cuderent,
1840 4363 1941 4432 quare
1968 4339 2106 4438 dirbemi
2124 4346 2155 4405 in
2170 4341 2289 4406 Arabia

995 4472 1143 4539 fabricati
1169 4473 1321 4539 rarissimi
1347 4471 1519 4539 habentur.
1574 4472 1763 4565 Aliquando
1784 4490 1893 4541 tamen
1911 4474 2063 4567 praefecti
2080 4471 2287 4540 Kbalifarum

995 4615 1188 4675 numismata
1215 4610 1259 4674 ibi
1285 4607 1438 4701 signanda
1454 4605 1616 4685 feserunt,
1639 4630 1786 4701 quorum
1808 4616 1887 4685 tria,
1910 4635 1929 4676 e
1948 4614 2123 4701 provinciis
2142 4606 2288 4677 Omma-

995 4740 1349 4823 winthoniensis,
1394 4748 1427 4806 in
1462 4733 1576 4809 Suesia
1609 4752 1733 4833 reperta
1759 4754 1846 4807 suut.
1899 4739 2043 4831 Utraque
2066 4744 2156 4833 regio
2185 4762 2288 4833 prope

996 4884 1104 4943 sinum
1135 4881 1296 4968 persicum
1323 4880 1382 4941 sita
1411 4888 1476 4953 est,
1497 4880 1555 4968 qui
1583 4877 1646 4943 boo
1665 4899 1743 4943 aevo
1767 4888 1889 4942 tantam
1902 4874 2046 4942 ostendit
2069 4875 2287 4968 frequentiam

994 5025 1128 5105 tamque
1154 5025 1298 5106 vegetam
1326 5025 1553 5089 mercaturam,
1579 5033 1678 5101 quam
1702 5009 1814 5077 nuilus
1839 5009 1922 5075 alius
1948 5012 2038 5077 orbis
2065 5024 2224 5079 terrarum
2239 5010 2287 5078 lo-

994 5172 1052 5215 cus
1074 5162 1152 5214 tuno
1178 5146 1310 5215 obtulit.
1362 5146 1451 5214 Duos
1482 5143 1686 5238 possidemus
1726 5142 1907 5220 dirbemos,
1943 5143 2121 5210 Ommanae
2157 5149 2289 5211 nomine

999 5343 1030 5408 t)
1068 5342 1132 5393 tter
1151 5345 1257 5412 quidem
1273 5347 1444 5411 armeniensi,
1471 5346 1596 5416 quietam
1613 5342 1741 5395 ntrirrnis
1759 5349 1812 5394 eet.
1831 5343 2010 5397 inficiendis
2024 5358 2093 5394 nnnn
2117 5336 2200 5394 1840
2218 5342 2286 5406 trid:

1063 5447 1125 5499 paq.
1143 5429 1278 5482 xxlv11.
1292 5430 1344 5494 8⁴1
1366 5432 1468 5501 reperti
1478 5420 1556 5490 ianr,
1575 5430 1724 5499 opinionem
1744 5430 1909 5499 propositam
1929 5430 2019 5500 potius
2036 5428 2195 5481 eonflrmsre
2209 5446 2286 5497 quam

1063 5516 1210 5585 intringere
1229 5516 1362 5567 ridentur.
