5859 8009
1863 1454 1922 1509 mi

662 1628 822 1713 amede
851 1630 966 1703 misere
1001 1629 1109 1723 periit
1160 1624 1295 1697 scaone
1332 1622 1477 1719 quidem„
1499 1648 1580 1721 praa
1601 1633 1717 1700 ceteris
1742 1632 1887 1723 imperiis
1912 1654 1951 1698 ee

663 1767 810 1853 debetpr·
836 1764 933 1851 lano„
952 1776 993 1835 ut
1024 1766 1130 1859 prima
1154 1785 1269 1839 curem
1294 1760 1409 1847 baram
1433 1785 1549 1844 rerunt
1568 1762 1751 1833 ostenderit
1764 1764 1952 1861 diligentior

664 1927 748 1993 rene.
794 1901 960 2003 Indamb
991 1921 1076 1969 anno
1106 1898 1231 1979 1666,
1258 1920 1330 1995 quo.
1352 1896 1515 1987 aRCaralo.
1538 1898 1588 1971 XI
1610 1894 1818 1996 Collegium.
1838 1902 1954 1990 Anti.-
2054 1892 2059 1899 ⁵

664 2034 855 2133 quitatum,
887 2028 1104 2111 condebatur,
1140 2026 1391 2120 antiquitatibus
1426 2027 1552 2119 patriae
1584 2022 1669 2092 bene
1701 2029 1871 2127 prorisum
1895 2039 1953 2102 est.

663 2164 743 2255 Ejus
768 2174 835 2249 erat
863 2167 1069 2263 provinciae,
1098 2162 1223 2242 omnia,
1248 2186 1332 2256 quae
1358 2165 1392 2239 in
1411 2170 1505 2241 terra
1518 2169 1625 2236 essent
1648 2163 1800 2266 invente,
1822 2155 1955 2251 collige-

662 2326 714 2385 re,
743 2302 924 2387 describere
960 2316 992 2373 et
1016 2324 1212 2377 conservare.
1265 2300 1309 2383 Ut
1334 2323 1444 2368 rerum
1483 2309 1599 2377 natura
1616 2320 1739 2403 'secum
1765 2295 1862 2379 tulit,
1887 2320 1954 2376 res,

663 2464 748 2533 quae
783 2440 952 2523 historiam
981 2443 1104 2532 patriae
1137 2441 1286 2530 proxime
1310 2435 1551 2525 respiciebant,
1569 2433 1673 2505 doctis
1698 2440 1849 2527 maximo
1863 2438 1958 2525 cordi

663 2584 807 2673 primum
843 2575 998 2655 fuerunt,
1024 2584 1057 2641 et
1086 2576 1112 2639 si
1145 2573 1240 2636 numi
1262 2564 1434 2635 orientales
1459 2589 1527 2634 non
1553 2574 1687 2638 omnino
1712 2572 1861 2666 neglecti.
1871 2576 1957 2662 jacce
2007 2549 2011 2561 Ι

663 2704 762 2783 bant,
798 2704 996 2770 narrationes
1027 2710 1135 2765 tamen
1162 2692 1204 2762 de
1235 2692 1357 2761 talibus
1391 2696 1527 2786 repertis
1561 2700 1656 2764 initio
1695 2696 1829 2767 suerunt
1864 2707 1960 2768 raris·

662 2841 774 2904 simae.
823 2839 870 2901 'At
894 2832 1050 2925 temporis
1076 2851 1245 2910 successu,
1270 2840 1304 2897 et
1326 2832 1504 2922 praecipue
1529 2841 1708 2922 postquam
1743 2830 1958 2900 moderamini

664 2966 881 3043 Academiae
906 2968 1116 3034 litterarum
1147 2959 1428 3047 humaniorum,
1470 2960 1646 3036 historiae
1681 2979 1719 3037 et
1756 2969 1960 3066 antiquita·

665 3117 809 3185 tum‚a
836 3099 980 3167 Gustrvo
1002 3098 1050 3165 111
1077 3120 1162 3165 anno
1184 3097 1281 3164 1786
1294 3109 1503 3182 restauratae,
1522 3103 1816 3198 nnmopbylacium
1833 3111 1960 3200 regium

665 3252 697 3307 et
739 3239 973 3327 antiquitatum
1008 3236 1118 3326 copia,
1152 3255 1237 3325 quae
1260 3232 1391 3329 collegii
1417 3234 1526 3315 illins,
1550 3237 1616 3326 jam
1641 3238 1801 3332 abrogati,
1827 3238 1961 3307 ditionis

663 3369 831 3465 quondam
868 3366 1013 3450 suerent,
1051 3354 1221 3436 commissa
1245 3367 1357 3454 sunt¹,
1384 3372 1506 3456 indies,
1538 3381 1679 3446 maxime
1707 3378 1822 3448 ardore
1847 3379 1896 3449 ill.
1923 3382 1961 3451 G.

666 3497 703 3565 G.
727 3506 952 3579 Antssnttrtrr,
990 3522 1059 3567 rens
1088 3496 1251 3588 juvants²,
1284 3505 1385 3597 magis
1418 3510 1586 3600 magisque
1621 3512 1671 3573 vis
1707 3506 1829 3591 eluxit,
1859 3536 1960 3604 quam

667 3641 701 3701 in
724 3633 891 3702 historiam
918 3639 1042 3729 patriae
1067 3631 1167 3701 medii
1194 3640 1263 3703 aevi
1287 3634 1515 3706 illustrandam
1541 3638 1619 3706 baec
1646 3639 1842 3710 documenta
1873 3668 1962 3713 eom-

668 3783 797 3857 mercii,
825 3777 919 3871 quod
947 3784 1033 3846 inter
1055 3778 1222 3846 Orientem
1252 3790 1286 3847 et
1318 3781 1485 3873 Europam
1523 3777 1688 3848 borealem
1725 3786 1962 3864 intercesserat,

668 3934 742 3979 rere
767 3914 916 3981 habeant
966 3913 1057 3981 Nibil
1083 3920 1199 4009 igitur,
1228 3912 1321 4009 quod
1345 3918 1380 3981 in
1404 3924 1489 3982 terra
1509 3918 1677 3981 inventurn
1694 3912 1888 4008 publicique
1910 3918 1965 4004 jn·

670 4051 712 4113 ris
738 4045 864 4113 iactum
888 4055 974 4126 erat,
994 4048 1062 4136 jam
1085 4045 1244 4115 oblivioni
1272 4045 1428 4127 dabatur,
1460 4045 1536 4129 sed,
1562 4070 1639 4114 cnm
1671 4050 1841 4131 omnibus,
1877 4076 1963 4144 qnae

670 4158 883 4249 monumento
909 4192 1037 4275 reperto
1061 4180 1233 4272 adjunctae
1257 4191 1380 4262 essent,
1417 4179 1516 4247 rebus
1553 4189 1586 4247 et
1619 4176 1841 4259 documentis,
1879 4208 1965 4276 quae

669 4318 740 4387 buo
762 4317 987 4412 pertinebant,
1004 4314 1198 4385 Academiae
1223 4316 1370 4398 traditis,
1394 4319 1429 4383 in
1455 4311 1706 4383 collectionibus
1730 4313 1874 4409 publicis
1905 4340 1962 4385 cu-

671 4451 883 4521 stodiebatur.
935 4452 1005 4518 lloc
1044 4448 1143 4518 modo
1181 4453 1256 4519 tet
1292 4449 1364 4519 loce
1400 4449 1482 4518 mibi
1509 4456 1740 4536 innotuerant,
1767 4456 1964 4548 inquibus,

672 4589 876 4681 temporibus
906 4584 1056 4665 dirersis,
1080 4590 1173 4673 numi
1197 4585 1292 4654 culici
1317 4595 1395 4653 sunt
1424 4584 1512 4654 lecti.

675 4903 708 4969 l)
725 4903 838 4975 Regni
855 4902 1105 4983 Antiquarum,
1129 4906 1204 4976 enjus
1227 4921 1321 4957 manos
1341 4905 1398 4973 jeus
1421 4918 1491 4954 enno
1513 4899 1594 4953 {629
1614 4902 1765 4954 institute·
1784 4901 1852 4962 tuit,
1880 4902 1971 4971 etqui

741 4989 887 5042 trentam
903 4990 1068 5043 Academiae
1085 5009 1101 5042 a
1118 4993 1229 5045 seeretir
1248 4996 1304 5053 est,
1323 4988 1467 5060 specielen
1484 4987 1600 5039 cuniam
1616 4985 1805 5057 antiquitate·
1824 4986 1972 5039 borealium

743 5082 770 5125 et
787 5073 986 5145 nnmopbylacii
1002 5076 1073 5148 regii
1094 5092 1185 5129 eurem
1200 5076 1321 5128 retinuit.

672 5154 707 5225 9)
726 5156 982 5212 commentationem
1000 5161 1072 5231 ejas,
1091 5162 1119 5213 in
1135 5160 1268 5212 volamine
1285 5160 1372 5230 primo
1392 5157 1474 5209 libris
1504 5154 1601 5227 Hormi.
1625 5152 1768 5206 V'ittsrdetr
1792 5152 1911 5207 Histerie
1927 5154 1975 5207 erle

744 5244 906 5314 Antiquitetr
928 5244 1103 5299 Academiam
1112 5242 1287 5316 Handlisqar
1300 5246 1443 5310 insertam,
1460 5241 1611 5311 legentibus
1633 5240 1765 5295 sonum
1781 5233 1878 5308 hbui,
1897 5257 1975 5310 qne·

751 5328 892 5384 attendes
909 5346 982 5385 neas
999 5330 1112 5385 eliorum
1126 5330 1238 5403 judiciis
1255 5330 1289 5383 de
1307 5346 1340 5385 es
1356 5328 1541 5401 adjungere·-
